3050 4780
614 213 770 270 Pridericus
789 211 978 270 Brachmann:

822 379 866 430 καί
886 377 1034 442 Κριτόλαος
1052 375 1186 443 ςημαίνει,
1215 375 1383 443 διελέγχεται

821 459 851 510 δ’
869 458 924 511 ύπὸ
946 457 1092 510 πλειόνων.
1129 456 1164 510 οί.
1184 454 1265 512 Ρίιοί.
1285 462 1346 524 254,
1357 462 1382 510 8.

821 536 944 605 Hesych.
964 536 1066 590 omisit.
1109 603 1121 628 θ

243 651 303 700 490.
358 645 436 698 Ἤτοι
469 646 613 711 ςύνδεςμος
645 645 767 699 ίςοδυνα-
856 643 920 698 Hes.
936 641 1037 708 11294,
1053 647 1095 696 50.
1147 646 1210 711 ῆτοι
1238 646 1384 710 ςύνδεςμος

208 731 268 793 μῶν
292 732 334 795 τῷ
363 727 405 779 δέ·
439 726 518 778 Ἠτοι
535 727 583 792 ὅγ’
602 728 640 779 ὡς
668 725 767 778 εἰπών·
821 724 994 788 ίςοδυναμιύν
1025 730 1067 792 τῷ
1100 725 1130 777 δέ
1166 726 1238 778 τινές
1273 727 1303 779 δέ
1338 728 1383 779 καί

206 808 330 873 Ὄμηρος
348 807 382 859 ού
401 809 594 861 διαζευκτικιύς
607 807 684 871 αύτῷ
703 809 768 871 χρῆ-
822 805 883 857 ἀντὶ
901 809 953 856 τού
972 795 1028 869 μὲν
1040 808 1169 870 χρῶνται.
1216 805 1291 874 apud
1310 803 1383 859 Pho-

206 903 264 942 ται·
283 887 361 940 Τινές
379 887 409 939 δέ
424 888 468 939 καί
486 887 548 940 ἀντί
561 891 612 940 τοῦ
627 877 687 952 μένῖ
821 881 891 938 tium
911 883 996 937 deest.

667 1051 729 1112 Sub
748 1054 767 1112 Β
786 1051 918 1111 exhibet:

313 1170 476 1240 Hesychius.
707 1167 882 1224 Bodleianus.
1134 1167 1258 1222 Ρίιοίίαα.

242 1279 351 1346 11300,
376 1285 418 1334 92.
460 1278 582 1344 Θάμυρις
644 1280 705 1331 491.
747 1275 868 1344 Θάμυρις
893 1276 983 1342 μαίνε-
1046 1290 1064 1326 ο
1082 1273 1182 1328 Ρίιοίίο
1202 1275 1343 1332 omissum.

207 1361 341 1429 μαίνεται·
373 1357 506 1427 παροιμία
537 1358 582 1410 ἐπὶ
608 1373 665 1409 ται·
686 1357 730 1410 έπί
747 1362 807 1411 τῶν
825 1357 896 1412 κατὰ
910 1358 983 1410 ςύνε-

206 1448 265 1496 τῶν
283 1442 354 1495 κατὰ
373 1441 475 1493 ςύνεςιν
495 1438 581 1505 παρά·
609 1452 648 1489 ςιν
661 1438 808 1505 παράλογα
822 1439 983 1492 δοκούντων

207 1523 291 1586 λογόν
309 1539 335 1575 τι
353 1520 545 1588 πραττόντων.
607 1518 747 1584 πράττειν.

241 1626 392 1694 11302,³6.
434 1627 580 1692 Θάττονῆ
644 1623 845 1680 492.P1V28.
872 1627 982 1680 Βάττον
1046 1624 1164 1690 1274‚2.
1188 1625 1255 1693 θ.ἢ
1277 1626 1305 1678 Β.
1325 1624 1386 1678 οἷον

208 1707 327 1776 Βούτης
369 1705 501 1774 παροιμία
537 1707 581 1760 έπί
607 1707 624 1774 ἢ
647 1707 759 1773 Βούτης.
797 1708 861 1760 Τῶν
885 1708 928 1760 έπί
946 1713 981 1778 τη
1028 1705 1235 1772 κατεςκευάςθη.
1271 1704 1369 1758 Μίκων

206 1791 316 1842 τῶν...
341 1787 371 1841 έν
392 1793 427 1856 τῇ
448 1792 514 1855 ςτοᾷ
533 1803 581 1853 μα·
608 1790 674 1853 ςτοίλ
699 1787 862 1852 μαχομένων
885 1805 927 1841 τις
947 1790 982 1856 ῆν
1010 1788 1063 1854 γὰρ
1082 1788 1098 1839 ὁ
1117 1787 1267 1853 ζώγραφος
1281 1785 1386 1853 ὀφθαλ-

209 1868 335 1933 χομένων
355 1884 397 1921 τις
414 1869 458 1935 ῆν,
479 1869 502 1937 ᾧ
521 1868 581 1920 έπε-
609 1867 631 1934 ᾧ
658 1866 847 1934 ἐπεγέγραπτο
868 1868 982 1936 Βούτης,
1010 1869 1063 1932 μὸν
1086 1867 1201 1932 ποιὴςας
1222 1867 1267 1918 καί
1285 1866 1386 1932 κράνος

224 1947 365 2014 γέγραπτο
402 1948 561 2014 Βούτης...
608 1944 741 2013 ἐφαίνετο
774 1948 804 1999 δ’
827 1949 914 2002 αύτοῡ
940 1948 982 2020 <P
1009 1947 1386 2015 περιφαινόμενονέπέγραψε

206 2027 335 2081 Τάςςεται
354 2027 404 2081 ούν
418 2028 436 2094 ἡ
451 2026 582 2094 παροιμία
609 2027 642 2078 ού
672 2025 785 2100 έφαίν.)
816 2029 849 2082 τὸ
882 2028 983 2095 κράνος
1012 2028 1126 2095 Βούτης.

207 2107 251 2160 έπί
277 2112 336 2161 τῶν
363 2107 466 2176 ῥαδίως
491 2124 582 2162 ςυντε-
609 2107 654 2159 καί
677 2108 692 2159 δ
717 2107 873 2175 ὀφθαλμὸς,
896 2109 932 2161 τά
954 2108 984 2161 δέ

206 2187 362 2254 λουμένων·
399 2190 444 2241 καί
475 2189 529 2255 γάρ
566 2189 582 2241 ὁ
610 2188 691 2240 λοιπά
720 2189 788 2255 μέρη
814 2189 904 2242 ἐδόκει
929 2188 983 2241 ὑπὸ

207 2268 314 2334 Βούτης
359 2267 462 2335 ῥαδίως
504 2284 582 2322 κατε·
608 2271 660 2320 τοῦ
692 2269 776 2335 δρους
812 2269 984 2335 κρύπτεςθαι.

208 2349 581 2415 ςκεύαςτο,άτεούχὸλοκλή-
608 2348 744 2402 Τάττεται
777 2348 827 2402 ούν
855 2349 899 2402 έπί
926 2353 985 2402 τῶν

207 2429 581 2494 ρουτοῦςώματοςγεγραμ-
608 2426 711 2494 ῥαδίως
751 2428 983 2496 ςυντελουμένων.

207 2509 300 2573 μένου.
609 2508 657 2561 Καί
685 2509 739 2574 γὰρ
767 2510 812 2560 καί
837 2509 853 2561 ὁ
878 2508 984 2576 Βούτης

607 2587 709 2655 ῥαδίως
723 2589 923 2654 κατεςκευάςθη
935 2589 984 2642 άτε

608 2671 644 2735 μὴ
655 2671 846 2736 γεγραμμένου
854 2673 907 2724 τού
916 2667 983 2722 ὅλου

608 2749 733 2814 ςώματος
756 2751 843 2804 αύτού
867 2745 910 2820 <P
934 2749 983 2802 ἅτε

608 2830 659 2896 οὐχ
678 2829 831 2897 ὁλοκλήρου
850 2834 902 2884 τού
917 2829 982 2895 ςώμ.

505 2911 508 2918 ’
607 2926 682 2977 γεγρ.
699 2933 733 2953 =
747 2909 834 2981 Hes.)

241 3012 390 3080 11312‚20.
427 3015 580 3068 Θετταλικά
643 3019 703 3070 493.
721 3015 800 3069 Θεττ.
811 3017 911 3084 πτερά
927 3015 982 3070 άπὸ
1047 3013 1131 3082 1279,
1147 3021 1171 3068 3.
1227 3013 1306 3067 Θεττ,
1338 3032 1382 3069 πτ.

223 3095 324 3162 πτερά·
347 3100 433 3148 τούτο
457 3095 563 3162 εἴρηται
606 3100 658 3150 τού
676 3095 726 3149 τάς
740 3096 907 3150 Θετταλικὰς
920 3100 983 3162 χλα·
1009 3101 1095 3149 τοῦτο
1110 3095 1214 3163 εἴρηται
1234 3125 1266 3133 -
1284 3095 1385 3160 χλαμὺ-

207 3176 250 3230 διὰ
277 3176 311 3229 τὸ
338 3175 477 3242 πτέρυγας
509 3176 580 3240 ἔχειν
626 3177 713 3242 μύδας
735 3177 806 3242 ἔχειν
829 3178 964 3244 πτερύγια
1011 3178 1059 3230 δας
1083 3199 1116 3218 =
1139 3176 1204 3228 Hes.
1242 3175 1386 3242 Πτέρυγες

205 3256 580 3321 τὰςΒεςςαλικάςγλαμύδας·
607 3257 726 3323 εἴρηται’
741 3255 842 3310 ἐοίκαςι
855 3257 908 3322 γὰρ
918 3257 981 3310 πτέ-
1010 3257 1040 3309 δέ
1065 3285 1100 3296 -
1125 3257 1237 3323 πτέρυξι
1261 3279 1294 3302 ==
1318 3255 1383 3309 Hes.

204 3337 339 3403 πτέρυγες
360 3337 414 3403 γὰρ
433 3339 582 3390 καλοῦνται
607 3340 683 3404 ρυξιν
700 3335 729 3390 αί
742 3337 914 3404 ἑκατέρωθεν
928 3341 982 3402 Ιγω-
1009 3335 1045 3390 αά
1064 3335 1187 3392 verbum.

224 3416 251 3472 οί
274 3417 446 3483 ἑκατέρωθεν
464 3414 563 3480 γωνίαι
607 3416 671 3472 νίαι.

206 3497 251 3550 διὰ
269 3498 304 3549 τὸ
322 3496 440 3549 ἑοικέναι
459 3495 579 3562 πτέρυξι.

242 3601 401 3670 11312,24.
440 3603 580 3656 Θετταλὸν
643 3603 981 3660 494=P1v29.oma-
1044 3603 1383 3674 1277,2.Θεςςαλὸνςοφ.

206 3684 334 3751 ςὸφιςμα·
366 3682 499 3751 παροιμία
535 3682 579 3736 ἐπί
605 3687 663 3738 λῶν
682 3702 743 3753 ςοφ.
767 3684 921 3757 <παροιμία
938 3687 983 3739 έπί
1009 3685 1052 3738 έπί
1070 3690 1130 3739 τῶν
1146 3688 1182 3753 μὴ
1197 3687 1385 3752 εύθυμαχούν·

206 3768 264 3818 τῶν
290 3765 480 3831 ςοφιζομένων
503 3765 579 3827 λεγο-
605 3770 664 3819 τῶν
688 3766 876 3832 ςοφιζομένων
905 3769 982 3831 λεγο-
1008 3782 1067 3818 των
1086 3766 1115 3819 έν
1131 3767 1385 3834 τοῖςπαρατάξεςω

207 3845 273 3910 μένη
303 3846 346 3896 καί
375 3847 410 3911 μή
435 3839 579 3912 ε(ύ)θυμα-
606 3847 729 3913 μένηδιὰ
743 3846 811 3899 W*
824 3851 865 3915 τῷ
880 3847 982 3900 Θεττα·
1009 3845 1077 3899 ἀλλά
1096 3847 1339 3913 κακουργούντων.

206 3925 343 3992 χούντων.
605 3929 645 3995 λῷ
664 3927 759 3990 λόγιον
773 3925 914 3998 έκπεςεῑν)
929 3943 981 3992 φυ-
1045 3924 1141 3993 1279,
1160 3929 1185 3980 8.
1236 3926 1385 3980 Θετταλῶν

604 4006 748 4060 λάττεςθαι
767 4009 804 4073 μὴ
823 4007 918 4059 έλωςιν
934 4006 980 4059 οὐ·
1009 4007 1069 4073 ςόφ.
1094 4008 1139 4059 καί
1163 4006 1206 4058 έπί
1230 4007 1319 4073 μάχης
1340 4009 1384 4060 καί

604 4087 655 4140 τὸν
675 4086 701 4139 ol
719 4087 749 4140 ἐξ
767 4085 894 4140 ἐναντίας
913 4086 979 4153 εὐχῇ
1008 4086 1052 4140 έπί
1084 4086 1222 4152 ςχήματος
1258 4089 1303 4139 καί
1341 4088 1384 4140 έπί

606 4165 708 4231 μείζονι
733 4169 777 4220 καί
804 4165 980 4233 λαμπροτέρα
1007 4166 1221 4232 παρακρούςεως
1234 4167 1277 4218 καί
1293 4167 1385 4219 ἄλλων

606 4247 671 4299 κατ’
693 4247 781 4300 αὐτοῦ
807 4247 979 4314 χρηςάμενοι.
1009 4245 1114 4312 μυρίων
1154 4246 1295 4299 τάςςουςιν
1333 4248 1385 4300 ἀπ’

607 4327 713 4392 Νοήςας
732 4327 782 4380 ούν
795 4327 830 4379 τὸ
844 4326 978 4390 λόγιον...
1008 4325 1097 4379 αίτίας
1113 4326 1254 4391 τοιαύτης.
1291 4325 1384 4396 Αίάτῳ

605 4404 782 4479 <ἑκατάμβην
801 4406 912 4472 ἀνδρῶν
931 4407 979 4474 ηύ-
1006 4407 1061 4472 γάρ
1080 4406 1202 4459 κατιόντι
1218 4407 1234 4457 ὁ
1249 4407 1312 4459 θεὸς
1326 4407 1382 4476 ἔφη
