<?xml version="1.0" encoding="UTF-8"?>
<!DOCTYPE html PUBLIC "-//W3C//DTD XHTML 1.0 Transitional//EN"
    "http://www.w3.org/TR/xhtml1/DTD/xhtml1-transitional.dtd">
<html xmlns="http://www.w3.org/1999/xhtml" xml:lang="en" lang="en">
 <head>
  <title>
</title>
<meta http-equiv="Content-Type" content="text/html;charset=utf-8" />
  <meta name='ocr-system' content='tesseract 3.04.00' />
  <meta name='ocr-capabilities' content='ocr_page ocr_carea ocr_par ocr_line ocrx_word'/>
</head>
<body>
  <div class='ocr_page' id='page_1' title='image "./quaestionespseu00bracgoog_0050.png"; bbox 0 0 3050 4780; ppageno 0'>
   <div class='ocr_carea' id='block_1_1' title="bbox 451 208 1305 286">
    <p class='ocr_par' dir='ltr' id='par_1_1' title="bbox 451 208 1305 286">
     <span class='ocr_line' id='line_1_1' title="bbox 451 208 1305 286; baseline 0.005 -22"><span class='ocrx_word' id='word_1_1' title='bbox 451 209 633 278; x_wconf 76' lang='lat' dir='ltr'>Quaestiones</span> <span class='ocrx_word' id='word_1_2' title='bbox 652 209 987 282; x_wconf 80' lang='lat' dir='ltr'>Pseudo-Diogenienese.</span> <span class='ocrx_word' id='word_1_3' title='bbox 1242 208 1305 286; x_wconf 73' lang='lat'>381</span> 
     </span>
    </p>
   </div>
   <div class='ocr_carea' id='block_1_2' title="bbox 131 380 1307 1708">
    <p class='ocr_par' dir='ltr' id='par_1_2' title="bbox 135 380 1307 547">
     <span class='ocr_line' id='line_1_2' title="bbox 225 380 1307 457; baseline 0 -19"><span class='ocrx_word' id='word_1_4' title='bbox 225 381 476 440; x_wconf 84' lang='lat' dir='ltr'>Perserutendum</span> <span class='ocrx_word' id='word_1_5' title='bbox 504 381 599 456; x_wconf 85' lang='lat' dir='ltr'>igitur</span> <span class='ocrx_word' id='word_1_6' title='bbox 627 383 686 457; x_wconf 86' lang='lat' dir='ltr'>est,</span> <span class='ocrx_word' id='word_1_7' title='bbox 714 381 839 440; x_wconf 89' lang='lat' dir='ltr'>numid</span> <span class='ocrx_word' id='word_1_8' title='bbox 862 399 958 457; x_wconf 85' lang='lat' dir='ltr'>genus</span> <span class='ocrx_word' id='word_1_9' title='bbox 981 380 1245 456; x_wconf 79' lang='lat' dir='ltr'>interpolationem</span> <span class='ocrx_word' id='word_1_10' title='bbox 1269 380 1307 438; x_wconf 84' lang='lat' dir='ltr'>eb</span> 
     </span>
     <span class='ocr_line' id='line_1_3' title="bbox 135 469 1103 547; baseline -0.001 -16"><span class='ocrx_word' id='word_1_11' title='bbox 135 472 299 547; x_wconf 85' lang='lat' dir='ltr'>archetypo</span> <span class='ocrx_word' id='word_1_12' title='bbox 318 470 452 529; x_wconf 84' lang='lat' dir='ltr'>codicum</span> <span class='ocrx_word' id='word_1_13' title='bbox 471 471 538 529; x_wconf 89' lang='lat' dir='ltr'>Zen.</span> <span class='ocrx_word' id='word_1_14' title='bbox 557 471 746 546; x_wconf 82' lang='lat' dir='ltr'>volgatorum</span> <span class='ocrx_word' id='word_1_15' title='bbox 765 489 887 546; x_wconf 86' lang='lat' dir='ltr'>prorsus</span> <span class='ocrx_word' id='word_1_16' title='bbox 907 470 946 528; x_wconf 88' lang='lat' dir='ltr'>sit</span> <span class='ocrx_word' id='word_1_17' title='bbox 964 469 1103 530; x_wconf 81' lang='lat' dir='ltr'>alienum.</span> 
     </span>
    </p>

    <p class='ocr_par' dir='ltr' id='par_1_3' title="bbox 131 557 1307 1708">
     <span class='ocr_line' id='line_1_4' title="bbox 225 557 1307 636; baseline 0.001 -19"><span class='ocrx_word' id='word_1_18' title='bbox 225 559 348 618; x_wconf 89' lang='lat' dir='ltr'>Zenobii</span> <span class='ocrx_word' id='word_1_19' title='bbox 376 558 489 619; x_wconf 86' lang='lat' dir='ltr'>codices</span> <span class='ocrx_word' id='word_1_20' title='bbox 513 559 709 634; x_wconf 84' lang='lat' dir='ltr'>interpolatos</span> <span class='ocrx_word' id='word_1_21' title='bbox 734 559 915 636; x_wconf 82' lang='lat' dir='ltr'>Perisinnm,</span> <span class='ocrx_word' id='word_1_22' title='bbox 938 559 1149 634; x_wconf 79' lang='lat' dir='ltr'>Bodleienum‚</span> <span class='ocrx_word' id='word_1_23' title='bbox 1174 557 1307 618; x_wconf 88' lang='lat' dir='ltr'>Ps.-Dio·</span> 
     </span>
     <span class='ocr_line' id='line_1_5' title="bbox 135 640 1306 729; baseline -0.001 -21"><span class='ocrx_word' id='word_1_24' title='bbox 135 651 298 726; x_wconf 80' lang='lat' dir='ltr'>genianunr</span> <span class='ocrx_word' id='word_1_25' title='bbox 326 649 445 723; x_wconf 85' lang='lat' dir='ltr'>praeter</span> <span class='ocrx_word' id='word_1_26' title='bbox 468 651 594 724; x_wconf 79' lang='lat' dir='ltr'>quartae</span> <span class='ocrx_word' id='word_1_27' title='bbox 621 649 812 708; x_wconf 77' lang='lat' dir='ltr'>coelectionis</span> <span class='ocrx_word' id='word_1_28' title='bbox 833 640 935 728; x_wconf 81' lang='lat' dir='ltr'>(haur.</span> <span class='ocrx_word' id='word_1_29' title='bbox 950 640 995 729; x_wconf 78' lang='grc' dir='ltr'>ΙΙ)</span> <span class='ocrx_word' id='word_1_30' title='bbox 1014 648 1172 724; x_wconf 80' lang='lat' dir='ltr'>proverbio</span> <span class='ocrx_word' id='word_1_31' title='bbox 1191 651 1221 707; x_wconf 90' lang='lat' dir='ltr'>et</span> <span class='ocrx_word' id='word_1_32' title='bbox 1239 666 1306 707; x_wconf 86' lang='lat' dir='ltr'>cou-</span> 
     </span>
     <span class='ocr_line' id='line_1_6' title="bbox 134 737 1306 814; baseline -0.002 -17"><span class='ocrx_word' id='word_1_33' title='bbox 134 741 234 798; x_wconf 85' lang='lat' dir='ltr'>tinues</span> <span class='ocrx_word' id='word_1_34' title='bbox 263 739 331 797; x_wconf 86' lang='lat' dir='ltr'>illes</span> <span class='ocrx_word' id='word_1_35' title='bbox 360 738 480 814; x_wconf 79' lang='lat' dir='ltr'>quintae</span> <span class='ocrx_word' id='word_1_36' title='bbox 507 738 580 797; x_wconf 90' lang='lat' dir='ltr'>conl.</span> <span class='ocrx_word' id='word_1_37' title='bbox 605 738 696 796; x_wconf 89' lang='lat' dir='ltr'>series</span> <span class='ocrx_word' id='word_1_38' title='bbox 726 738 818 800; x_wconf 87' lang='lat' dir='ltr'>etiem</span> <span class='ocrx_word' id='word_1_39' title='bbox 841 737 960 796; x_wconf 83' lang='lat' dir='ltr'><strong>ordines</strong></span> <span class='ocrx_word' id='word_1_40' title='bbox 983 737 1130 813; x_wconf 83' lang='lat' dir='ltr'>recepisse</span> <span class='ocrx_word' id='word_1_41' title='bbox 1154 756 1190 795; x_wconf 85' lang='lat' dir='ltr'>ex</span> <span class='ocrx_word' id='word_1_42' title='bbox 1213 737 1306 796; x_wconf 90' lang='lat' dir='ltr'>lexico</span> 
     </span>
     <span class='ocr_line' id='line_1_7' title="bbox 132 825 1307 915; baseline -0.002 -27"><span class='ocrx_word' id='word_1_43' title='bbox 132 827 235 904; x_wconf 80' lang='lat' dir='ltr'>aliquo</span> <span class='ocrx_word' id='word_1_44' title='bbox 255 826 446 915; x_wconf 68' lang='lat' dir='ltr'>depromptos</span> <span class='ocrx_word' id='word_1_45' title='bbox 464 827 547 886; x_wconf 86' lang='lat' dir='ltr'>reete</span> <span class='ocrx_word' id='word_1_46' title='bbox 566 825 689 886; x_wconf 79' lang='lat' dir='ltr'>Cresius</span> <span class='ocrx_word' id='word_1_47' title='bbox 708 827 861 904; x_wconf 83' lang='lat' dir='ltr'>cognovit,</span> <span class='ocrx_word' id='word_1_48' title='bbox 884 825 992 885; x_wconf 89' lang='lat' dir='ltr'>mirum</span> <span class='ocrx_word' id='word_1_49' title='bbox 1016 828 1123 886; x_wconf 81' lang='lat' dir='ltr'>harum</span> <span class='ocrx_word' id='word_1_50' title='bbox 1146 826 1307 902; x_wconf 79' lang='lat' dir='ltr'>interpola-</span> 
     </span>
     <span class='ocr_line' id='line_1_8' title="bbox 134 915 1307 992; baseline -0.001 -15"><span class='ocrx_word' id='word_1_51' title='bbox 134 917 249 977; x_wconf 86' lang='lat' dir='ltr'>tionem</span> <span class='ocrx_word' id='word_1_52' title='bbox 278 935 345 976; x_wconf 87' lang='lat' dir='ltr'>cum</span> <span class='ocrx_word' id='word_1_53' title='bbox 371 917 473 975; x_wconf 89' lang='lat' dir='ltr'>Photii</span> <span class='ocrx_word' id='word_1_54' title='bbox 500 916 593 991; x_wconf 87' lang='lat' dir='ltr'>copiis</span> <span class='ocrx_word' id='word_1_55' title='bbox 621 935 798 978; x_wconf 88' lang='lat' dir='ltr'>eonsensum</span> <span class='ocrx_word' id='word_1_56' title='bbox 826 915 939 975; x_wconf 83' lang='lat' dir='ltr'>tabulis</span> <span class='ocrx_word' id='word_1_57' title='bbox 966 919 1070 992; x_wconf 81' lang='lat' dir='ltr'>aperte</span> <span class='ocrx_word' id='word_1_58' title='bbox 1098 915 1307 978; x_wconf 81' lang='lat' dir='ltr'>demonstrans</span> 
     </span>
     <span class='ocr_line' id='line_1_9' title="bbox 136 997 1307 1090; baseline -0.001 -25"><span class='ocrx_word' id='word_1_59' title='bbox 136 999 221 1086; x_wconf 79' lang='lat' dir='ltr'>(pag.</span> <span class='ocrx_word' id='word_1_60' title='bbox 242 1008 303 1064; x_wconf 82' lang='grc'>117</span> <span class='ocrx_word' id='word_1_61' title='bbox 326 997 413 1087; x_wconf 82' lang='lat' dir='ltr'>sqq.).</span> <span class='ocrx_word' id='word_1_62' title='bbox 455 1005 515 1064; x_wconf 89' lang='lat' dir='ltr'>Ubi</span> <span class='ocrx_word' id='word_1_63' title='bbox 541 1024 612 1065; x_wconf 85' lang='lat' dir='ltr'>vero</span> <span class='ocrx_word' id='word_1_64' title='bbox 638 1005 782 1082; x_wconf 88' lang='lat' dir='ltr'>Hesychii</span> <span class='ocrx_word' id='word_1_65' title='bbox 809 1005 924 1065; x_wconf 81' lang='lat' dir='ltr'>lexicon</span> <span class='ocrx_word' id='word_1_66' title='bbox 951 1006 1041 1081; x_wconf 83' lang='lat' dir='ltr'>poulo</span> <span class='ocrx_word' id='word_1_67' title='bbox 1065 1005 1211 1064; x_wconf 80' lang='lat' dir='ltr'>attentius</span> <span class='ocrx_word' id='word_1_68' title='bbox 1239 1023 1307 1090; x_wconf 75' lang='grc' dir='ltr'>ουρ]</span> 
     </span>
     <span class='ocr_line' id='line_1_10' title="bbox 133 1086 1307 1176; baseline -0.002 -22"><span class='ocrx_word' id='word_1_69' title='bbox 133 1095 300 1156; x_wconf 84' lang='lat' dir='ltr'>Bodleiano</span> <span class='ocrx_word' id='word_1_70' title='bbox 308 1086 332 1176; x_wconf 80' lang='lat'>¹)</span> <span class='ocrx_word' id='word_1_71' title='bbox 353 1087 420 1173; x_wconf 86' lang='lat' dir='ltr'>(qui</span> <span class='ocrx_word' id='word_1_72' title='bbox 438 1095 613 1153; x_wconf 86' lang='lat' dir='ltr'>lemmatum</span> <span class='ocrx_word' id='word_1_73' title='bbox 632 1095 766 1155; x_wconf 84' lang='lat' dir='ltr'>ordinem</span> <span class='ocrx_word' id='word_1_74' title='bbox 785 1095 896 1171; x_wconf 87' lang='lat' dir='ltr'>optime</span> <span class='ocrx_word' id='word_1_75' title='bbox 915 1086 1060 1175; x_wconf 85' lang='lat' dir='ltr'>servavit)</span> <span class='ocrx_word' id='word_1_76' title='bbox 1077 1095 1307 1170; x_wconf 75' lang='lat' dir='ltr'>comparaveris,</span> 
     </span>
     <span class='ocr_line' id='line_1_11' title="bbox 131 1183 1305 1260; baseline 0 -18"><span class='ocrx_word' id='word_1_77' title='bbox 131 1185 219 1244; x_wconf 90' lang='lat' dir='ltr'>illos</span> <span class='ocrx_word' id='word_1_78' title='bbox 239 1184 560 1260; x_wconf 80' lang='lat' dir='ltr'>paroemiogrephi</span> <span class='ocrx_word' id='word_1_79' title='bbox 575 1183 719 1244; x_wconf 85' lang='lat' dir='ltr'>ordines</span> <span class='ocrx_word' id='word_1_80' title='bbox 734 1203 774 1243; x_wconf 83' lang='lat' dir='ltr'>ex</span> <span class='ocrx_word' id='word_1_81' title='bbox 787 1185 904 1244; x_wconf 84' lang='lat' dir='ltr'>lexico</span> <span class='ocrx_word' id='word_1_82' title='bbox 918 1185 1069 1243; x_wconf 14' lang='lat' dir='ltr'>hatustos</span> <span class='ocrx_word' id='word_1_83' title='bbox 1085 1183 1179 1259; x_wconf 84' lang='lat' dir='ltr'>apud</span> <span class='ocrx_word' id='word_1_84' title='bbox 1192 1184 1305 1260; x_wconf 83' lang='lat' dir='ltr'>Hesy-</span> 
     </span>
     <span class='ocr_line' id='line_1_12' title="bbox 132 1272 1306 1350; baseline -0.003 -17"><span class='ocrx_word' id='word_1_85' title='bbox 132 1273 249 1333; x_wconf 87' lang='lat' dir='ltr'>ehium</span> <span class='ocrx_word' id='word_1_86' title='bbox 272 1272 463 1333; x_wconf 88' lang='lat' dir='ltr'>uberiores</span> <span class='ocrx_word' id='word_1_87' title='bbox 487 1276 630 1332; x_wconf 84' lang='lat' dir='ltr'>exstare</span> <span class='ocrx_word' id='word_1_88' title='bbox 654 1273 833 1350; x_wconf 83' lang='lat' dir='ltr'>invenies,</span> <span class='ocrx_word' id='word_1_89' title='bbox 858 1274 999 1350; x_wconf 84' lang='lat' dir='ltr'>relique</span> <span class='ocrx_word' id='word_1_90' title='bbox 1023 1276 1141 1332; x_wconf 86' lang='lat' dir='ltr'>eutem</span> <span class='ocrx_word' id='word_1_91' title='bbox 1160 1272 1306 1332; x_wconf 91' lang='lat' dir='ltr'>Bodlei-</span> 
     </span>
     <span class='ocr_line' id='line_1_13' title="bbox 131 1362 1305 1439; baseline -0.003 -17"><span class='ocrx_word' id='word_1_92' title='bbox 131 1364 190 1422; x_wconf 82' lang='lat' dir='ltr'>ani</span> <span class='ocrx_word' id='word_1_93' title='bbox 213 1363 408 1439; x_wconf 81' lang='lat' dir='ltr'>proverbia</span> <span class='ocrx_word' id='word_1_94' title='bbox 435 1363 644 1438; x_wconf 85' lang='lat' dir='ltr'>plerumque</span> <span class='ocrx_word' id='word_1_95' title='bbox 668 1367 730 1422; x_wconf 82' lang='lat' dir='ltr'>eut</span> <span class='ocrx_word' id='word_1_96' title='bbox 758 1363 898 1422; x_wconf 89' lang='lat' dir='ltr'>omnino</span> <span class='ocrx_word' id='word_1_97' title='bbox 922 1365 1047 1423; x_wconf 84' lang='lat' dir='ltr'>deesse</span> <span class='ocrx_word' id='word_1_98' title='bbox 1071 1363 1164 1438; x_wconf 83' lang='lat' dir='ltr'>apud</span> <span class='ocrx_word' id='word_1_99' title='bbox 1189 1362 1305 1438; x_wconf 84' lang='lat' dir='ltr'>Hesy-</span> 
     </span>
     <span class='ocr_line' id='line_1_14' title="bbox 132 1445 1305 1528; baseline -0.003 -16"><span class='ocrx_word' id='word_1_100' title='bbox 132 1453 251 1512; x_wconf 89' lang='lat' dir='ltr'>chium</span> <span class='ocrx_word' id='word_1_101' title='bbox 269 1454 331 1510; x_wconf 86' lang='lat' dir='ltr'>eut</span> <span class='ocrx_word' id='word_1_102' title='bbox 349 1451 433 1513; x_wconf 85' lang='lat' dir='ltr'>eliis</span> <span class='ocrx_word' id='word_1_103' title='bbox 452 1451 573 1511; x_wconf 89' lang='lat' dir='ltr'>verbis</span> <span class='ocrx_word' id='word_1_104' title='bbox 593 1471 672 1512; x_wconf 89' lang='lat' dir='ltr'>esse</span> <span class='ocrx_word' id='word_1_105' title='bbox 691 1453 883 1528; x_wconf 74' lang='lat' dir='ltr'>explicata.</span> <span class='ocrx_word' id='word_1_106' title='bbox 907 1453 995 1528; x_wconf 82' lang='lat' dir='ltr'>Nam,</span> <span class='ocrx_word' id='word_1_107' title='bbox 1015 1455 1049 1511; x_wconf 92' lang='lat' dir='ltr'>ut</span> <span class='ocrx_word' id='word_1_108' title='bbox 1067 1451 1179 1512; x_wconf 88' lang='lat' dir='ltr'>eisdem</span> <span class='ocrx_word' id='word_1_109' title='bbox 1198 1445 1305 1528; x_wconf 87' lang='lat' dir='ltr'>quilius</span> 
     </span>
     <span class='ocr_line' id='line_1_15' title="bbox 133 1540 1305 1620; baseline -0.002 -20"><span class='ocrx_word' id='word_1_110' title='bbox 133 1541 258 1602; x_wconf 88' lang='lat' dir='ltr'>Crusius</span> <span class='ocrx_word' id='word_1_111' title='bbox 283 1544 350 1600; x_wconf 84' lang='lat' dir='ltr'>uter</span> <span class='ocrx_word' id='word_1_112' title='bbox 373 1541 529 1618; x_wconf 83' lang='lat' dir='ltr'>exemplis,</span> <span class='ocrx_word' id='word_1_113' title='bbox 554 1542 675 1601; x_wconf 84' lang='lat' dir='ltr'>exhibet</span> <span class='ocrx_word' id='word_1_114' title='bbox 701 1542 869 1620; x_wconf 79' lang='lat' dir='ltr'>Hesychius</span> <span class='ocrx_word' id='word_1_115' title='bbox 894 1542 949 1602; x_wconf 89' lang='lat' dir='ltr'>sub</span> <span class='ocrx_word' id='word_1_116' title='bbox 973 1541 1062 1600; x_wconf 83' lang='lat' dir='ltr'>litere</span> <span class='ocrx_word' id='word_1_117' title='bbox 1085 1540 1102 1602; x_wconf 85' lang='grc' dir='ltr'>Ζ</span> <span class='ocrx_word' id='word_1_118' title='bbox 1128 1541 1185 1601; x_wconf 88' lang='lat' dir='ltr'>hoc</span> <span class='ocrx_word' id='word_1_119' title='bbox 1213 1559 1305 1602; x_wconf 88' lang='lat' dir='ltr'>unum</span> 
     </span>
     <span class='ocr_line' id='line_1_16' title="bbox 131 1630 335 1708; baseline 0 -18"><span class='ocrx_word' id='word_1_120' title='bbox 131 1630 335 1708; x_wconf 86' lang='lat' dir='ltr'>proverbium:</span> 
     </span>
    </p>
   </div>
   <div class='ocr_carea' id='block_1_3' title="bbox 130 1747 1305 1890">
    <p class='ocr_par' dir='ltr' id='par_1_4' title="bbox 130 1747 1305 1890">
     <span class='ocr_line' id='line_1_17' title="bbox 130 1747 1305 1890; baseline 0.003 -89"><span class='ocrx_word' id='word_1_121' title='bbox 130 1747 505 1890; x_wconf 41' lang='lat' dir='ltr'>Hesychdslissgdssd’md&#39;</span> <span class='ocrx_word' id='word_1_122' title='bbox 534 1748 612 1805; x_wconf 90' lang='lat' dir='ltr'>Bodl.</span> <span class='ocrx_word' id='word_1_123' title='bbox 628 1755 679 1805; x_wconf 72' lang='grc'>457</span> <span class='ocrx_word' id='word_1_124' title='bbox 703 1776 736 1796; x_wconf 85' lang='lat'>==</span> <span class='ocrx_word' id='word_1_125' title='bbox 755 1751 816 1806; x_wconf 84' lang='lat' dir='ltr'>Pur.</span> <span class='ocrx_word' id='word_1_126' title='bbox 832 1750 869 1804; x_wconf 87' lang='lat' dir='ltr'>IV</span> <span class='ocrx_word' id='word_1_127' title='bbox 880 1755 905 1804; x_wconf 85' lang='grc'>9,</span> <span class='ocrx_word' id='word_1_128' title='bbox 933 1747 1305 1818; x_wconf 77' lang='lat' dir='ltr'>Photiuslp.2t0(Neber).</span> 
     </span>
     <span class='ocr_line' id='line_1_18' title="bbox 269 1837 395 1874; baseline 0 0"><span class='ocrx_word' id='word_1_129' title='bbox 269 1837 343 1874; x_wconf 76' lang='lat' dir='ltr'>emi</span> <span class='ocrx_word' id='word_1_130' title='bbox 388 1859 395 1874; x_wconf 92' lang='lat'><strong>.</strong></span> 
     </span>
    </p>
   </div>
   <div class='ocr_carea' id='block_1_4' title="bbox 130 1928 1307 2242">
    <p class='ocr_par' dir='ltr' id='par_1_5' title="bbox 130 1928 1307 2242">
     <span class='ocr_line' id='line_1_19' title="bbox 183 1928 1307 1996; baseline 0.001 -14"><span class='ocrx_word' id='word_1_131' title='bbox 183 1929 324 1995; x_wconf 82' lang='grc' dir='ltr'>Ζωπύρου</span> <span class='ocrx_word' id='word_1_132' title='bbox 351 1928 486 1981; x_wconf 85' lang='grc' dir='ltr'>τάλαντα·</span> <span class='ocrx_word' id='word_1_133' title='bbox 568 1931 645 1982; x_wconf 91' lang='grc' dir='ltr'>Ζωπ.</span> <span class='ocrx_word' id='word_1_134' title='bbox 664 1930 724 1983; x_wconf 83' lang='grc' dir='ltr'>πάλ.</span> <span class='ocrx_word' id='word_1_135' title='bbox 770 1930 906 1996; x_wconf 91' lang='grc' dir='ltr'>Ζώπυρος</span> <span class='ocrx_word' id='word_1_136' title='bbox 968 1931 1046 1985; x_wconf 87' lang='grc' dir='ltr'>Ζωπ.</span> <span class='ocrx_word' id='word_1_137' title='bbox 1069 1930 1129 1982; x_wconf 83' lang='grc' dir='ltr'>πάλ.</span> <span class='ocrx_word' id='word_1_138' title='bbox 1175 1929 1307 1996; x_wconf 78' lang='grc' dir='ltr'>Κρατῖνος</span> 
     </span>
     <span class='ocr_line' id='line_1_20' title="bbox 132 2007 1306 2078; baseline 0 -16"><span class='ocrx_word' id='word_1_139' title='bbox 132 2008 264 2075; x_wconf 81' lang='grc' dir='ltr'>Κρατῖνος</span> <span class='ocrx_word' id='word_1_140' title='bbox 273 2008 303 2060; x_wconf 93' lang='grc' dir='ltr'>έν</span> <span class='ocrx_word' id='word_1_141' title='bbox 313 2007 430 2077; x_wconf 80' lang='grc' dir='ltr'>Πυλαία·</span> <span class='ocrx_word' id='word_1_142' title='bbox 445 2009 505 2062; x_wconf 90' lang='grc' dir='ltr'>Ζώ-</span> <span class='ocrx_word' id='word_1_143' title='bbox 533 2010 549 2062; x_wconf 87' lang='grc' dir='ltr'>ὁ</span> <span class='ocrx_word' id='word_1_144' title='bbox 571 2009 679 2077; x_wconf 87' lang='grc' dir='ltr'>Πέρςης</span> <span class='ocrx_word' id='word_1_145' title='bbox 704 2013 803 2076; x_wconf 77' lang='grc' dir='ltr'>βαςιλεί</span> <span class='ocrx_word' id='word_1_146' title='bbox 832 2025 906 2076; x_wconf 89' lang='grc' dir='ltr'>χαρι-</span> <span class='ocrx_word' id='word_1_147' title='bbox 934 2011 964 2063; x_wconf 80' lang='grc' dir='ltr'>ἐν</span> <span class='ocrx_word' id='word_1_148' title='bbox 978 2008 1100 2078; x_wconf 81' lang='grc' dir='ltr'>Πυλαία·</span> <span class='ocrx_word' id='word_1_149' title='bbox 1119 2011 1222 2063; x_wconf 86' lang='grc' dir='ltr'>τοθτόν</span> <span class='ocrx_word' id='word_1_150' title='bbox 1239 2009 1306 2077; x_wconf 90' lang='grc' dir='ltr'>φηςι</span> 
     </span>
     <span class='ocr_line' id='line_1_21' title="bbox 130 2088 1305 2156; baseline 0.001 -15"><span class='ocrx_word' id='word_1_151' title='bbox 130 2105 216 2156; x_wconf 89' lang='grc' dir='ltr'>πυρος</span> <span class='ocrx_word' id='word_1_152' title='bbox 240 2088 383 2156; x_wconf 89' lang='grc' dir='ltr'>ὁΠέρςης</span> <span class='ocrx_word' id='word_1_153' title='bbox 404 2093 505 2155; x_wconf 85' lang='grc' dir='ltr'>βαςιλεῑ</span> <span class='ocrx_word' id='word_1_154' title='bbox 532 2091 647 2156; x_wconf 86' lang='grc' dir='ltr'>ζόμενος</span> <span class='ocrx_word' id='word_1_155' title='bbox 662 2091 830 2156; x_wconf 84' lang='grc' dir='ltr'>μαςτιγώςας</span> <span class='ocrx_word' id='word_1_156' title='bbox 844 2091 906 2142; x_wconf 77' lang='lat' dir='ltr'>too·</span> <span class='ocrx_word' id='word_1_157' title='bbox 934 2091 1098 2156; x_wconf 87' lang='grc' dir='ltr'>θεόπομπος</span> <span class='ocrx_word' id='word_1_158' title='bbox 1113 2131 1119 2143; x_wconf 88' lang='grc'><strong>.</strong></span> <span class='ocrx_word' id='word_1_159' title='bbox 1135 2131 1163 2143; x_wconf 94' lang='grc'>..</span> <span class='ocrx_word' id='word_1_160' title='bbox 1195 2091 1305 2156; x_wconf 89' lang='grc' dir='ltr'>Πέρςην</span> 
     </span>
     <span class='ocr_line' id='line_1_22' title="bbox 131 2169 1305 2242; baseline 0.002 -22"><span class='ocrx_word' id='word_1_161' title='bbox 131 2170 310 2236; x_wconf 81' lang='grc' dir='ltr'>χαριζόμενος</span> <span class='ocrx_word' id='word_1_162' title='bbox 336 2169 504 2234; x_wconf 86' lang='grc' dir='ltr'>μαςτιγώςας</span> <span class='ocrx_word' id='word_1_163' title='bbox 530 2171 582 2225; x_wconf 88' lang='grc' dir='ltr'>τὸν</span> <span class='ocrx_word' id='word_1_164' title='bbox 602 2173 646 2224; x_wconf 83' lang='grc' dir='ltr'>καὶ</span> <span class='ocrx_word' id='word_1_165' title='bbox 663 2173 716 2237; x_wconf 83' lang='grc' dir='ltr'>τὴν</span> <span class='ocrx_word' id='word_1_166' title='bbox 735 2173 798 2238; x_wconf 86' lang='grc' dir='ltr'>ῥῖνα</span> <span class='ocrx_word' id='word_1_167' title='bbox 811 2172 857 2223; x_wconf 83' lang='grc' dir='ltr'>καὶ</span> <span class='ocrx_word' id='word_1_168' title='bbox 870 2171 906 2222; x_wconf 86' lang='grc' dir='ltr'>τὰ</span> <span class='ocrx_word' id='word_1_169' title='bbox 934 2171 1002 2224; x_wconf 81' lang='grc' dir='ltr'>ὄντα</span> <span class='ocrx_word' id='word_1_170' title='bbox 1021 2171 1076 2223; x_wconf 83' lang='grc' dir='ltr'>ὑπὸ</span> <span class='ocrx_word' id='word_1_171' title='bbox 1091 2169 1246 2242; x_wconf 87' lang='grc' dir='ltr'>φιλοτιμίας</span> <span class='ocrx_word' id='word_1_172' title='bbox 1259 2186 1305 2236; x_wconf 90' lang='grc' dir='ltr'>χα-</span> 
     </span>
    </p>
   </div>
   <div class='ocr_carea' id='block_1_5' title="bbox 132 2248 1401 2319">
    <p class='ocr_par' dir='ltr' id='par_1_6' title="bbox 132 2248 1401 2319">
     <span class='ocr_line' id='line_1_23' title="bbox 132 2248 1401 2319; baseline 0.002 -19"><span class='ocrx_word' id='word_1_173' title='bbox 132 2249 230 2304; x_wconf 87' lang='grc' dir='ltr'>έαυτὸν</span> <span class='ocrx_word' id='word_1_174' title='bbox 269 2252 321 2314; x_wconf 84' lang='grc' dir='ltr'>τῆς</span> <span class='ocrx_word' id='word_1_175' title='bbox 351 2249 427 2317; x_wconf 84' lang='grc' dir='ltr'>ῥινὸς</span> <span class='ocrx_word' id='word_1_176' title='bbox 459 2251 503 2302; x_wconf 87' lang='grc' dir='ltr'>καί</span> <span class='ocrx_word' id='word_1_177' title='bbox 531 2251 591 2304; x_wconf 83' lang='grc' dir='ltr'>ὦτα</span> <span class='ocrx_word' id='word_1_178' title='bbox 626 2252 797 2319; x_wconf 82' lang='grc' dir='ltr'>ἀφελόμενος</span> <span class='ocrx_word' id='word_1_179' title='bbox 828 2248 907 2304; x_wconf 85' lang='grc' dir='ltr'>εἰςελ-</span> <span class='ocrx_word' id='word_1_180' title='bbox 933 2251 1076 2318; x_wconf 80' lang='grc' dir='ltr'>ριζόμενον</span> <span class='ocrx_word' id='word_1_181' title='bbox 1101 2253 1198 2316; x_wconf 86' lang='grc' dir='ltr'>βααλεί</span> <span class='ocrx_word' id='word_1_182' title='bbox 1217 2266 1306 2315; x_wconf 88' lang='grc' dir='ltr'>μαςτι-</span> <span class='ocrx_word' id='word_1_183' title='bbox 1397 2281 1401 2288; x_wconf 89' lang='grc'>-</span> 
     </span>
    </p>
   </div>
   <div class='ocr_carea' id='block_1_6' title="bbox 131 2328 1307 3206">
    <p class='ocr_par' dir='ltr' id='par_1_7' title="bbox 132 2328 1307 2398">
     <span class='ocr_line' id='line_1_24' title="bbox 132 2328 1307 2398; baseline 0.003 -18"><span class='ocrx_word' id='word_1_184' title='bbox 132 2333 189 2381; x_wconf 85' lang='grc' dir='ltr'>τῶν</span> <span class='ocrx_word' id='word_1_185' title='bbox 219 2329 303 2382; x_wconf 86' lang='grc' dir='ltr'>ώτων</span> <span class='ocrx_word' id='word_1_186' title='bbox 331 2329 504 2396; x_wconf 85' lang='grc' dir='ltr'>ἀφελόμενος</span> <span class='ocrx_word' id='word_1_187' title='bbox 531 2332 589 2384; x_wconf 93' lang='grc' dir='ltr'>θών</span> <span class='ocrx_word' id='word_1_188' title='bbox 613 2330 651 2386; x_wconf 88' lang='grc' dir='ltr'>εἰς</span> <span class='ocrx_word' id='word_1_189' title='bbox 671 2333 822 2397; x_wconf 86' lang='grc' dir='ltr'>Βαβυλῶνα</span> <span class='ocrx_word' id='word_1_190' title='bbox 840 2328 906 2398; x_wconf 85' lang='grc' dir='ltr'>&lt;καί</span> <span class='ocrx_word' id='word_1_191' title='bbox 933 2335 1019 2396; x_wconf 88' lang='grc' dir='ltr'>γώςαι</span> <span class='ocrx_word' id='word_1_192' title='bbox 1047 2331 1160 2386; x_wconf 83' lang='grc' dir='ltr'>ἑαυτὸν·</span> <span class='ocrx_word' id='word_1_193' title='bbox 1189 2331 1307 2395; x_wconf 77' lang='grc' dir='ltr'>καὶτῆς</span> 
     </span>
    </p>

    <p class='ocr_par' dir='ltr' id='par_1_8' title="bbox 133 2407 1306 2482">
     <span class='ocr_line' id='line_1_25' title="bbox 133 2407 1306 2482; baseline 0.001 -21"><span class='ocrx_word' id='word_1_194' title='bbox 133 2407 257 2462; x_wconf 88' lang='grc' dir='ltr'>εἰςελθών</span> <span class='ocrx_word' id='word_1_195' title='bbox 286 2407 324 2461; x_wconf 85' lang='grc' dir='ltr'>είς</span> <span class='ocrx_word' id='word_1_196' title='bbox 353 2410 504 2475; x_wconf 81' lang='grc' dir='ltr'>Βαβυλῶνα</span> <span class='ocrx_word' id='word_1_197' title='bbox 529 2411 700 2482; x_wconf 81' lang='grc' dir='ltr'>πιςτευθείς)</span> <span class='ocrx_word' id='word_1_198' title='bbox 725 2411 770 2464; x_wconf 81' lang='grc' dir='ltr'>διὰ</span> <span class='ocrx_word' id='word_1_199' title='bbox 790 2410 825 2462; x_wconf 89' lang='grc' dir='ltr'>τὰ</span> <span class='ocrx_word' id='word_1_200' title='bbox 843 2412 905 2476; x_wconf 85' lang='grc' dir='ltr'>περί</span> <span class='ocrx_word' id='word_1_201' title='bbox 933 2411 1008 2478; x_wconf 88' lang='grc' dir='ltr'>ῥινὸς</span> <span class='ocrx_word' id='word_1_202' title='bbox 1046 2413 1093 2464; x_wconf 82' lang='grc' dir='ltr'>καὶ</span> <span class='ocrx_word' id='word_1_203' title='bbox 1128 2415 1186 2465; x_wconf 85' lang='grc' dir='ltr'>τών</span> <span class='ocrx_word' id='word_1_204' title='bbox 1223 2411 1306 2462; x_wconf 89' lang='grc' dir='ltr'>ώτων</span> 
     </span>
    </p>

    <p class='ocr_par' dir='ltr' id='par_1_9' title="bbox 131 2488 1306 3206">
     <span class='ocr_line' id='line_1_26' title="bbox 131 2488 1306 2559; baseline 0.001 -17"><span class='ocrx_word' id='word_1_205' title='bbox 131 2491 275 2556; x_wconf 85' lang='grc' dir='ltr'>προῦδωκε</span> <span class='ocrx_word' id='word_1_206' title='bbox 292 2491 345 2555; x_wconf 82' lang='grc' dir='ltr'>τὴν</span> <span class='ocrx_word' id='word_1_207' title='bbox 363 2490 451 2558; x_wconf 75' lang='grc' dir='ltr'>πόλινι</span> <span class='ocrx_word' id='word_1_208' title='bbox 529 2493 563 2546; x_wconf 87' lang='grc' dir='ltr'>τὸ</span> <span class='ocrx_word' id='word_1_209' title='bbox 587 2497 663 2558; x_wconf 83' lang='grc' dir='ltr'>ςῶμα</span> <span class='ocrx_word' id='word_1_210' title='bbox 685 2493 833 2559; x_wconf 86' lang='grc' dir='ltr'>προῦδωκε</span> <span class='ocrx_word' id='word_1_211' title='bbox 852 2492 905 2556; x_wconf 82' lang='grc' dir='ltr'>τὴν</span> <span class='ocrx_word' id='word_1_212' title='bbox 932 2492 1157 2559; x_wconf 84' lang='grc' dir='ltr'>ἀποςτερήςοντα</span> <span class='ocrx_word' id='word_1_213' title='bbox 1180 2488 1306 2544; x_wconf 75' lang='grc' dir='ltr'>εἰςελθείν</span> 
     </span>
     <span class='ocr_line' id='line_1_27' title="bbox 529 2571 1306 2646; baseline -0.004 -21"><span class='ocrx_word' id='word_1_214' title='bbox 529 2573 617 2628; x_wconf 89' lang='grc' dir='ltr'>πόλιν,</span> <span class='ocrx_word' id='word_1_215' title='bbox 638 2573 784 2646; x_wconf 86' lang='grc' dir='ltr'>[Ὕςτερον</span> <span class='ocrx_word' id='word_1_216' title='bbox 803 2571 833 2624; x_wconf 87' lang='grc' dir='ltr'>δέ</span> <span class='ocrx_word' id='word_1_217' title='bbox 848 2571 905 2624; x_wconf 90' lang='grc' dir='ltr'>Δα-</span> <span class='ocrx_word' id='word_1_218' title='bbox 932 2571 970 2626; x_wconf 86' lang='grc' dir='ltr'>είς</span> <span class='ocrx_word' id='word_1_219' title='bbox 1004 2574 1155 2637; x_wconf 81' lang='grc' dir='ltr'>Βαβυλῶνα</span> <span class='ocrx_word' id='word_1_220' title='bbox 1186 2573 1231 2624; x_wconf 86' lang='grc' dir='ltr'>καὶ</span> <span class='ocrx_word' id='word_1_221' title='bbox 1264 2587 1306 2623; x_wconf 88' lang='grc' dir='ltr'>πι-</span> 
     </span>
     <span class='ocr_line' id='line_1_28' title="bbox 530 2651 1305 2720; baseline -0.003 -14"><span class='ocrx_word' id='word_1_222' title='bbox 530 2659 603 2720; x_wconf 90' lang='grc' dir='ltr'>ρεῑος</span> <span class='ocrx_word' id='word_1_223' title='bbox 626 2652 693 2706; x_wconf 90' lang='grc' dir='ltr'>ἰδών</span> <span class='ocrx_word' id='word_1_224' title='bbox 713 2652 799 2706; x_wconf 84' lang='grc' dir='ltr'>αὐτὸν</span> <span class='ocrx_word' id='word_1_225' title='bbox 819 2651 904 2720; x_wconf 77' lang='grc' dir='ltr'>εἶπεν,</span> <span class='ocrx_word' id='word_1_226' title='bbox 932 2653 1305 2718; x_wconf 85' lang='grc' dir='ltr'>ςτευθένταδιὰταθτηντήν</span> 
     </span>
     <span class='ocr_line' id='line_1_29' title="bbox 530 2731 1286 2800; baseline -0.001 -15"><span class='ocrx_word' id='word_1_227' title='bbox 530 2733 646 2786; x_wconf 77' lang='grc' dir='ltr'>Ἠθελον</span> <span class='ocrx_word' id='word_1_228' title='bbox 670 2734 808 2800; x_wconf 84' lang='grc' dir='ltr'>Ζώπυρον</span> <span class='ocrx_word' id='word_1_229' title='bbox 830 2735 905 2784; x_wconf 88' lang='grc' dir='ltr'>ςώον</span> <span class='ocrx_word' id='word_1_230' title='bbox 949 2731 1099 2799; x_wconf 75' lang='grc' dir='ltr'>κακουχίαν</span> <span class='ocrx_word' id='word_1_231' title='bbox 1123 2735 1286 2798; x_wconf 83' lang='grc' dir='ltr'>καταλαβεῖν</span> 
     </span>
     <span class='ocr_line' id='line_1_30' title="bbox 529 2811 1306 2881; baseline 0.001 -16"><span class='ocrx_word' id='word_1_232' title='bbox 529 2813 633 2880; x_wconf 84' lang='grc' dir='ltr'>ἔχεινῆ</span> <span class='ocrx_word' id='word_1_233' title='bbox 650 2811 747 2880; x_wconf 86' lang='grc' dir='ltr'>μυρίας</span> <span class='ocrx_word' id='word_1_234' title='bbox 763 2829 808 2877; x_wconf 90' lang='grc' dir='ltr'>μοι</span> <span class='ocrx_word' id='word_1_235' title='bbox 819 2812 905 2878; x_wconf 87' lang='grc' dir='ltr'>Βαβυ-</span> <span class='ocrx_word' id='word_1_236' title='bbox 931 2816 984 2881; x_wconf 81' lang='grc' dir='ltr'>τὴν</span> <span class='ocrx_word' id='word_1_237' title='bbox 998 2814 1090 2867; x_wconf 87' lang='grc' dir='ltr'>πόλιν·</span> <span class='ocrx_word' id='word_1_238' title='bbox 1106 2813 1137 2866; x_wconf 92' lang='grc' dir='ltr'>έκ</span> <span class='ocrx_word' id='word_1_239' title='bbox 1146 2816 1306 2880; x_wconf 87' lang='grc' dir='ltr'>μεταφορᾶς</span> 
     </span>
     <span class='ocr_line' id='line_1_31' title="bbox 529 2891 1305 2962; baseline -0.003 -16"><span class='ocrx_word' id='word_1_240' title='bbox 529 2891 785 2962; x_wconf 81' lang='grc' dir='ltr'>λώναςὺπάρχειν.]</span> <span class='ocrx_word' id='word_1_241' title='bbox 801 2892 846 2945; x_wconf 82' lang='grc' dir='ltr'>Ἐκ</span> <span class='ocrx_word' id='word_1_242' title='bbox 861 2908 905 2958; x_wconf 88' lang='grc' dir='ltr'>με·</span> <span class='ocrx_word' id='word_1_243' title='bbox 932 2894 982 2946; x_wconf 84' lang='grc' dir='ltr'>οῦν</span> <span class='ocrx_word' id='word_1_244' title='bbox 1017 2893 1076 2949; x_wconf 83' lang='grc' dir='ltr'>εἶπε</span> <span class='ocrx_word' id='word_1_245' title='bbox 1107 2893 1231 2947; x_wconf 86' lang='grc' dir='ltr'>τάλαντα</span> <span class='ocrx_word' id='word_1_246' title='bbox 1261 2893 1305 2944; x_wconf 86' lang='grc' dir='ltr'>καί</span> 
     </span>
     <span class='ocr_line' id='line_1_32' title="bbox 529 2973 1305 3041; baseline 0 -16"><span class='ocrx_word' id='word_1_247' title='bbox 529 2978 671 3041; x_wconf 75' lang='grc' dir='ltr'>ταφορδς,</span> <span class='ocrx_word' id='word_1_248' title='bbox 686 2973 736 3026; x_wconf 80' lang='grc' dir='ltr'>οὖν</span> <span class='ocrx_word' id='word_1_249' title='bbox 769 2973 828 3026; x_wconf 83' lang='grc' dir='ltr'>εἶπε</span> <span class='ocrx_word' id='word_1_250' title='bbox 859 2973 905 3026; x_wconf 86' lang='grc' dir='ltr'>τά·</span> <span class='ocrx_word' id='word_1_251' title='bbox 932 2974 1014 3041; x_wconf 80' lang='grc' dir='ltr'>Ζυγά,</span> <span class='ocrx_word' id='word_1_252' title='bbox 1049 2973 1133 3027; x_wconf 85' lang='grc' dir='ltr'>οἱονεί</span> <span class='ocrx_word' id='word_1_253' title='bbox 1166 2973 1233 3040; x_wconf 88' lang='grc' dir='ltr'>ἔργα</span> <span class='ocrx_word' id='word_1_254' title='bbox 1260 2973 1305 3025; x_wconf 86' lang='grc' dir='ltr'>καὶ</span> 
     </span>
     <span class='ocr_line' id='line_1_33' title="bbox 529 3052 1049 3126; baseline 0 -20"><span class='ocrx_word' id='word_1_255' title='bbox 529 3056 616 3106; x_wconf 91' lang='grc' dir='ltr'>λαντα</span> <span class='ocrx_word' id='word_1_256' title='bbox 636 3052 723 3126; x_wconf 77' lang='grc' dir='ltr'>(καί)</span> <span class='ocrx_word' id='word_1_257' title='bbox 745 3055 815 3121; x_wconf 82' lang='grc' dir='ltr'>Ζυγὰ</span> <span class='ocrx_word' id='word_1_258' title='bbox 834 3053 905 3106; x_wconf 82' lang='lat' dir='ltr'>otor·</span> <span class='ocrx_word' id='word_1_259' title='bbox 931 3055 1049 3121; x_wconf 83' lang='grc' dir='ltr'>πράξεις.</span> 
     </span>
     <span class='ocr_line' id='line_1_34' title="bbox 529 3129 904 3206; baseline 0.008 -21"><span class='ocrx_word' id='word_1_260' title='bbox 529 3129 596 3206; x_wconf 77' lang='lat' dir='ltr'>(el)</span> <span class='ocrx_word' id='word_1_261' title='bbox 615 3133 682 3201; x_wconf 85' lang='grc' dir='ltr'>ἔργα</span> <span class='ocrx_word' id='word_1_262' title='bbox 697 3135 742 3188; x_wconf 83' lang='grc' dir='ltr'>καὶ</span> <span class='ocrx_word' id='word_1_263' title='bbox 756 3133 904 3202; x_wconf 59' lang='grc' dir='ltr'>πράξειαί)</span> 
     </span>
    </p>
   </div>
   <div class='ocr_carea' id='block_1_7' title="bbox 220 3245 1101 3346">
    <p class='ocr_par' dir='ltr' id='par_1_10' title="bbox 220 3245 1101 3346">
     <span class='ocr_line' id='line_1_35' title="bbox 220 3245 1101 3346; baseline 0.003 -42"><span class='ocrx_word' id='word_1_264' title='bbox 220 3245 280 3305; x_wconf 81' lang='lat' dir='ltr'>Sub</span> <span class='ocrx_word' id='word_1_265' title='bbox 300 3264 319 3320; x_wconf 92' lang='grc' dir='ltr'>η</span> <span class='ocrx_word' id='word_1_266' title='bbox 340 3247 421 3322; x_wconf 80' lang='lat' dir='ltr'>apud</span> <span class='ocrx_word' id='word_1_267' title='bbox 440 3247 626 3324; x_wconf 84' lang='lat' dir='ltr'>Hesychium</span> <span class='ocrx_word' id='word_1_268' title='bbox 645 3249 718 3307; x_wconf 85' lang='lat' dir='ltr'>heco</span> <span class='ocrx_word' id='word_1_269' title='bbox 736 3252 911 3325; x_wconf 77' lang='lat' dir='ltr'>comparent</span> <span class='ocrx_word' id='word_1_270' title='bbox 930 3247 1101 3346; x_wconf 79' lang='lat' dir='ltr'>proverbia:</span> 
     </span>
    </p>
   </div>
   <div class='ocr_carea' id='block_1_8' title="bbox 234 3361 1179 3436">
    <p class='ocr_par' dir='ltr' id='par_1_11' title="bbox 234 3361 1179 3436">
     <span class='ocr_line' id='line_1_36' title="bbox 234 3361 1179 3436; baseline 0.004 -20"><span class='ocrx_word' id='word_1_271' title='bbox 234 3361 398 3432; x_wconf 75' lang='lat' dir='ltr'>Hesychius.</span> <span class='ocrx_word' id='word_1_272' title='bbox 514 3363 517 3436; x_wconf 73' lang='lat' dir='ltr'>l</span> <span class='ocrx_word' id='word_1_273' title='bbox 627 3361 805 3419; x_wconf 82' lang='lat' dir='ltr'>Bodleienus.</span> <span class='ocrx_word' id='word_1_274' title='bbox 1054 3363 1179 3420; x_wconf 84' lang='lat' dir='ltr'>Photius.</span> 
     </span>
    </p>
   </div>
   <div class='ocr_carea' id='block_1_9' title="bbox 130 3469 1306 4187">
    <p class='ocr_par' dir='ltr' id='par_1_12' title="bbox 130 3469 1306 4026">
     <span class='ocr_line' id='line_1_37' title="bbox 164 3469 1306 3543; baseline 0.004 -20"><span class='ocrx_word' id='word_1_275' title='bbox 164 3469 189 3523; x_wconf 92' lang='lat' dir='ltr'>II</span> <span class='ocrx_word' id='word_1_276' title='bbox 201 3475 261 3538; x_wconf 78' lang='lat'><strong>265,</strong></span> <span class='ocrx_word' id='word_1_277' title='bbox 272 3475 296 3524; x_wconf 88' lang='lat'>8.</span> <span class='ocrx_word' id='word_1_278' title='bbox 347 3471 380 3524; x_wconf 89' lang='grc' dir='ltr'>Ἢ</span> <span class='ocrx_word' id='word_1_279' title='bbox 401 3473 441 3526; x_wconf 84' lang='grc' dir='ltr'>δεί</span> <span class='ocrx_word' id='word_1_280' title='bbox 460 3488 502 3538; x_wconf 86' lang='grc' dir='ltr'>χε·</span> <span class='ocrx_word' id='word_1_281' title='bbox 564 3477 617 3527; x_wconf 81' lang='grc'>467</span> <span class='ocrx_word' id='word_1_282' title='bbox 639 3499 673 3516; x_wconf 96' lang='grc'>--</span> <span class='ocrx_word' id='word_1_283' title='bbox 692 3471 765 3525; x_wconf 83' lang='grc' dir='ltr'>ΡΙίί</span> <span class='ocrx_word' id='word_1_284' title='bbox 783 3477 824 3528; x_wconf 88' lang='grc'>19.</span> <span class='ocrx_word' id='word_1_285' title='bbox 870 3472 903 3525; x_wconf 90' lang='grc' dir='ltr'>Ἢ</span> <span class='ocrx_word' id='word_1_286' title='bbox 967 3473 1085 3543; x_wconf 82' lang='grc' dir='ltr'>Ιρ.253.</span> <span class='ocrx_word' id='word_1_287' title='bbox 1104 3473 1306 3542; x_wconf 72' lang='grc' dir='ltr'>Ἣδεῑίυοςίαπ</span> 
     </span>
     <span class='ocr_line' id='line_1_38' title="bbox 130 3551 1305 3624; baseline 0.003 -20"><span class='ocrx_word' id='word_1_288' title='bbox 130 3551 219 3619; x_wconf 88' lang='grc' dir='ltr'>λώνης</span> <span class='ocrx_word' id='word_1_289' title='bbox 235 3551 302 3619; x_wconf 90' lang='grc' dir='ltr'>κρέα</span> <span class='ocrx_word' id='word_1_290' title='bbox 316 3557 417 3618; x_wconf 72' lang='grc' dir='ltr'>φαγειν</span> <span class='ocrx_word' id='word_1_291' title='bbox 430 3555 449 3620; x_wconf 81' lang='grc' dir='ltr'>ἢ</span> <span class='ocrx_word' id='word_1_292' title='bbox 464 3555 500 3620; x_wconf 85' lang='grc' dir='ltr'>μὴ</span> <span class='ocrx_word' id='word_1_293' title='bbox 530 3552 571 3605; x_wconf 85' lang='grc' dir='ltr'>δεῖ</span> <span class='ocrx_word' id='word_1_294' title='bbox 593 3583 628 3592; x_wconf 93' lang='grc'>-</span> <span class='ocrx_word' id='word_1_295' title='bbox 652 3554 689 3619; x_wconf 82' lang='grc' dir='ltr'>μὴ</span> <span class='ocrx_word' id='word_1_296' title='bbox 711 3558 826 3620; x_wconf 78' lang='grc' dir='ltr'>φαγεῖν·</span> <span class='ocrx_word' id='word_1_297' title='bbox 853 3557 904 3620; x_wconf 80' lang='grc' dir='ltr'>τῆς</span> <span class='ocrx_word' id='word_1_298' title='bbox 930 3555 1012 3624; x_wconf 84' lang='grc' dir='ltr'>ἡδεα)</span> <span class='ocrx_word' id='word_1_299' title='bbox 1026 3585 1060 3594; x_wconf 90' lang='grc'><strong>-</strong></span> <span class='ocrx_word' id='word_1_300' title='bbox 1075 3558 1111 3622; x_wconf 85' lang='grc' dir='ltr'>μὴ</span> <span class='ocrx_word' id='word_1_301' title='bbox 1126 3561 1239 3624; x_wconf 81' lang='grc' dir='ltr'>φαγεῖν·</span> <span class='ocrx_word' id='word_1_302' title='bbox 1254 3559 1305 3621; x_wconf 87' lang='grc' dir='ltr'>τῆς</span> 
     </span>
     <span class='ocr_line' id='line_1_39' title="bbox 131 3632 1303 3703; baseline 0.005 -20"><span class='ocrx_word' id='word_1_303' title='bbox 131 3637 240 3696; x_wconf 84' lang='grc' dir='ltr'>φαγεῖν·</span> <span class='ocrx_word' id='word_1_304' title='bbox 254 3635 306 3700; x_wconf 85' lang='grc' dir='ltr'>τῆς</span> <span class='ocrx_word' id='word_1_305' title='bbox 315 3633 438 3698; x_wconf 87' lang='grc' dir='ltr'>χελώνης</span> <span class='ocrx_word' id='word_1_306' title='bbox 448 3632 502 3686; x_wconf 89' lang='grc' dir='ltr'>ὀλί-</span> <span class='ocrx_word' id='word_1_307' title='bbox 529 3633 652 3701; x_wconf 87' lang='grc' dir='ltr'>χελώνης</span> <span class='ocrx_word' id='word_1_308' title='bbox 668 3632 747 3698; x_wconf 87' lang='grc' dir='ltr'>ὀλίγα</span> <span class='ocrx_word' id='word_1_309' title='bbox 760 3633 903 3700; x_wconf 86' lang='grc' dir='ltr'>βρωθέντα</span> <span class='ocrx_word' id='word_1_310' title='bbox 929 3637 1104 3701; x_wconf 89' lang='grc' dir='ltr'>χελώνης-</span> <span class='ocrx_word' id='word_1_311' title='bbox 1124 3635 1246 3703; x_wconf 82' lang='grc' dir='ltr'>καθαίρει</span> <span class='ocrx_word' id='word_1_312' title='bbox 1270 3660 1303 3681; x_wconf 91' lang='lat'>=</span> 
     </span>
     <span class='ocr_line' id='line_1_40' title="bbox 130 3710 1304 3783; baseline 0.007 -21"><span class='ocrx_word' id='word_1_313' title='bbox 130 3727 165 3773; x_wconf 94' lang='grc' dir='ltr'>γα</span> <span class='ocrx_word' id='word_1_314' title='bbox 183 3710 248 3777; x_wconf 86' lang='grc' dir='ltr'>κρέα</span> <span class='ocrx_word' id='word_1_315' title='bbox 268 3711 411 3777; x_wconf 86' lang='grc' dir='ltr'>βρωθέντα</span> <span class='ocrx_word' id='word_1_316' title='bbox 426 3714 501 3782; x_wconf 88' lang='grc' dir='ltr'>ςτρό-</span> <span class='ocrx_word' id='word_1_317' title='bbox 528 3713 564 3766; x_wconf 81' lang='grc' dir='ltr'>τὰ</span> <span class='ocrx_word' id='word_1_318' title='bbox 588 3713 655 3782; x_wconf 89' lang='grc' dir='ltr'>κρέα</span> <span class='ocrx_word' id='word_1_319' title='bbox 680 3711 714 3783; x_wconf 88' lang='grc' dir='ltr'>(Ρ</span> <span class='ocrx_word' id='word_1_320' title='bbox 728 3710 794 3768; x_wconf 88' lang='lat' dir='ltr'>etD</span> <span class='ocrx_word' id='word_1_321' title='bbox 823 3712 903 3778; x_wconf 89' lang='grc' dir='ltr'>δλίγα</span> <span class='ocrx_word' id='word_1_322' title='bbox 929 3715 994 3771; x_wconf 89' lang='lat' dir='ltr'>Hes.</span> <span class='ocrx_word' id='word_1_323' title='bbox 1014 3717 1097 3770; x_wconf 84' lang='grc' dir='ltr'>Ὅθεν</span> <span class='ocrx_word' id='word_1_324' title='bbox 1113 3717 1157 3768; x_wconf 84' lang='grc' dir='ltr'>καί</span> <span class='ocrx_word' id='word_1_325' title='bbox 1171 3718 1304 3783; x_wconf 84' lang='grc' dir='ltr'>τὴνπαρ-</span> 
     </span>
     <span class='ocr_line' id='line_1_41' title="bbox 131 3792 1305 3865; baseline 0.007 -23"><span class='ocrx_word' id='word_1_326' title='bbox 131 3807 200 3855; x_wconf 90' lang='grc' dir='ltr'>φυυς</span> <span class='ocrx_word' id='word_1_327' title='bbox 213 3797 285 3844; x_wconf 85' lang='grc' dir='ltr'>ποιεῖ</span> <span class='ocrx_word' id='word_1_328' title='bbox 298 3792 387 3846; x_wconf 83' lang='grc' dir='ltr'>πολλὰ</span> <span class='ocrx_word' id='word_1_329' title='bbox 397 3793 427 3846; x_wconf 87' lang='grc' dir='ltr'>δέ</span> <span class='ocrx_word' id='word_1_330' title='bbox 437 3798 501 3848; x_wconf 82' lang='grc' dir='ltr'>καθ·</span> <span class='ocrx_word' id='word_1_331' title='bbox 529 3795 595 3860; x_wconf 88' lang='grc' dir='ltr'>κρέα</span> <span class='ocrx_word' id='word_1_332' title='bbox 619 3793 761 3860; x_wconf 88' lang='grc' dir='ltr'>βρωθέντα</span> <span class='ocrx_word' id='word_1_333' title='bbox 776 3818 810 3836; x_wconf 97' lang='lat'>=</span> <span class='ocrx_word' id='word_1_334' title='bbox 824 3793 901 3862; x_wconf 88' lang='lat' dir='ltr'>Hes.)</span> <span class='ocrx_word' id='word_1_335' title='bbox 929 3795 1020 3861; x_wconf 83' lang='grc' dir='ltr'>οιμίαν</span> <span class='ocrx_word' id='word_1_336' title='bbox 1057 3797 1177 3864; x_wconf 87' lang='grc' dir='ltr'>Δήμων·</span> <span class='ocrx_word' id='word_1_337' title='bbox 1215 3799 1305 3865; x_wconf 84' lang='grc' dir='ltr'>ἕτεροι</span> 
     </span>
     <span class='ocr_line' id='line_1_42' title="bbox 130 3867 1304 3942; baseline 0.009 -21"><span class='ocrx_word' id='word_1_338' title='bbox 130 3867 208 3936; x_wconf 86' lang='grc' dir='ltr'>αίρει·</span> <span class='ocrx_word' id='word_1_339' title='bbox 243 3871 308 3924; x_wconf 86' lang='grc' dir='ltr'>ὅθεν</span> <span class='ocrx_word' id='word_1_340' title='bbox 331 3875 384 3939; x_wconf 82' lang='grc' dir='ltr'>τὴν</span> <span class='ocrx_word' id='word_1_341' title='bbox 406 3889 500 3941; x_wconf 89' lang='grc' dir='ltr'>παροι-</span> <span class='ocrx_word' id='word_1_342' title='bbox 528 3875 666 3942; x_wconf 88' lang='grc' dir='ltr'>ςτρόφους</span> <span class='ocrx_word' id='word_1_343' title='bbox 697 3879 781 3940; x_wconf 82' lang='grc' dir='ltr'>ποιεί,</span> <span class='ocrx_word' id='word_1_344' title='bbox 813 3876 901 3929; x_wconf 86' lang='grc' dir='ltr'>πολλὰ</span> <span class='ocrx_word' id='word_1_345' title='bbox 929 3878 959 3930; x_wconf 88' lang='grc' dir='ltr'>δέ</span> <span class='ocrx_word' id='word_1_346' title='bbox 983 3878 1108 3930; x_wconf 82' lang='grc' dir='ltr'>ἐπὶτῶν</span> <span class='ocrx_word' id='word_1_347' title='bbox 1137 3879 1304 3932; x_wconf 86' lang='grc' dir='ltr'>ἀποδύντων</span> 
     </span>
     <span class='ocr_line' id='line_1_43' title="bbox 130 3948 1303 4026; baseline 0.007 -24"><span class='ocrx_word' id='word_1_348' title='bbox 130 3948 190 4014; x_wconf 83' lang='grc' dir='ltr'>μίαν</span> <span class='ocrx_word' id='word_1_349' title='bbox 207 3951 339 4016; x_wconf 88' lang='grc' dir='ltr'>λέγεςθαι.</span> <span class='ocrx_word' id='word_1_350' title='bbox 528 3955 558 4008; x_wconf 89' lang='grc' dir='ltr'>δέ</span> <span class='ocrx_word' id='word_1_351' title='bbox 577 3953 708 4022; x_wconf 88' lang='grc' dir='ltr'>καθαίρει.</span> <span class='ocrx_word' id='word_1_352' title='bbox 745 3951 849 4026; x_wconf 77' lang='grc' dir='ltr'>(Ὅθεν</span> <span class='ocrx_word' id='word_1_353' title='bbox 882 3958 899 4022; x_wconf 81' lang='grc' dir='ltr'>ἡ</span> <span class='ocrx_word' id='word_1_354' title='bbox 928 3957 977 4021; x_wconf 90' lang='grc' dir='ltr'>μέν</span> <span class='ocrx_word' id='word_1_355' title='bbox 1015 3961 1128 4026; x_wconf 80' lang='grc' dir='ltr'>πρᾶγμα</span> <span class='ocrx_word' id='word_1_356' title='bbox 1160 3974 1303 4026; x_wconf 89' lang='grc' dir='ltr'>ςτρατευο-</span> 
     </span>
    </p>

    <p class='ocr_par' dir='ltr' id='par_1_13' title="bbox 525 4033 1303 4187">
     <span class='ocr_line' id='line_1_44' title="bbox 526 4033 1303 4107; baseline 0.005 -20"><span class='ocrx_word' id='word_1_357' title='bbox 526 4033 665 4102; x_wconf 78' lang='grc' dir='ltr'>παροιμία.</span> <span class='ocrx_word' id='word_1_358' title='bbox 685 4035 792 4102; x_wconf 81' lang='grc' dir='ltr'>Ἓτεροι</span> <span class='ocrx_word' id='word_1_359' title='bbox 812 4037 842 4089; x_wconf 89' lang='grc' dir='ltr'>δέ</span> <span class='ocrx_word' id='word_1_360' title='bbox 856 4035 900 4089; x_wconf 85' lang='grc' dir='ltr'>ἐπὶ</span> <span class='ocrx_word' id='word_1_361' title='bbox 928 4037 1019 4102; x_wconf 91' lang='grc' dir='ltr'>μένων</span> <span class='ocrx_word' id='word_1_362' title='bbox 1039 4039 1081 4092; x_wconf 88' lang='grc' dir='ltr'>δέ·</span> <span class='ocrx_word' id='word_1_363' title='bbox 1105 4041 1170 4107; x_wconf 86' lang='grc' dir='ltr'>φαςί</span> <span class='ocrx_word' id='word_1_364' title='bbox 1190 4039 1220 4092; x_wconf 91' lang='grc' dir='ltr'>δέ</span> <span class='ocrx_word' id='word_1_365' title='bbox 1238 4038 1303 4092; x_wconf 90' lang='grc' dir='ltr'>ταύ-</span> 
     </span>
     <span class='ocr_line' id='line_1_45' title="bbox 525 4115 1252 4187; baseline 0.004 -19"><span class='ocrx_word' id='word_1_366' title='bbox 525 4119 583 4169; x_wconf 84' lang='grc' dir='ltr'>τών</span> <span class='ocrx_word' id='word_1_367' title='bbox 616 4115 779 4184; x_wconf 85' lang='grc' dir='ltr'>ἀρχομένων</span> <span class='ocrx_word' id='word_1_368' title='bbox 810 4118 899 4186; x_wconf 80' lang='grc' dir='ltr'>δρμᾶν</span> <span class='ocrx_word' id='word_1_369' title='bbox 926 4134 979 4185; x_wconf 89' lang='grc' dir='ltr'>την</span> <span class='ocrx_word' id='word_1_370' title='bbox 996 4118 1157 4187; x_wconf 84' lang='grc' dir='ltr'>Τερψίωνος</span> <span class='ocrx_word' id='word_1_371' title='bbox 1175 4120 1252 4172; x_wconf 77' lang='grc' dir='ltr'>εἶναι.</span> 
     </span>
    </p>
   </div>
   <div class='ocr_carea' id='block_1_10' title="bbox 134 4221 344 4231">
    <p class='ocr_par' dir='ltr' id='par_1_14' title="bbox 134 4221 344 4231">
     <span class='ocr_line' id='line_1_46' title="bbox 134 4221 344 4231; baseline 0.014 -3"><span class='ocrx_word' id='word_1_372' title='bbox 134 4221 344 4231; x_wconf 41' lang='grc' dir='ltr'>-ῇ-..ᾐ-</span> 
     </span>
    </p>
   </div>
   <div class='ocr_carea' id='block_1_11' title="bbox 130 4273 1302 4492">
    <p class='ocr_par' dir='ltr' id='par_1_15' title="bbox 130 4273 1302 4492">
     <span class='ocr_line' id='line_1_47' title="bbox 199 4273 1301 4350; baseline 0.009 -24"><span class='ocrx_word' id='word_1_373' title='bbox 199 4275 224 4338; x_wconf 88' lang='grc'>1)</span> <span class='ocrx_word' id='word_1_374' title='bbox 244 4274 356 4342; x_wconf 81' lang='lat' dir='ltr'>expleto</span> <span class='ocrx_word' id='word_1_375' title='bbox 379 4273 499 4342; x_wconf 84' lang='lat' dir='ltr'>scilicet,</span> <span class='ocrx_word' id='word_1_376' title='bbox 519 4273 568 4330; x_wconf 90' lang='lat' dir='ltr'>ubi</span> <span class='ocrx_word' id='word_1_377' title='bbox 590 4293 634 4331; x_wconf 83' lang='lat' dir='ltr'>res</span> <span class='ocrx_word' id='word_1_378' title='bbox 657 4277 784 4346; x_wconf 79' lang='lat' dir='ltr'>postulet</span> <span class='ocrx_word' id='word_1_379' title='bbox 807 4293 841 4332; x_wconf 89' lang='lat' dir='ltr'>ex</span> <span class='ocrx_word' id='word_1_380' title='bbox 859 4277 986 4334; x_wconf 80' lang='lat' dir='ltr'>Parisino</span> <span class='ocrx_word' id='word_1_381' title='bbox 1011 4281 1041 4333; x_wconf 89' lang='lat' dir='ltr'>et</span> <span class='ocrx_word' id='word_1_382' title='bbox 1057 4277 1301 4350; x_wconf 79' lang='lat' dir='ltr'>Pe-Diogenisno.</span> 
     </span>
     <span class='ocr_line' id='line_1_48' title="bbox 196 4344 1302 4426; baseline 0.011 -27"><span class='ocrx_word' id='word_1_383' title='bbox 196 4347 224 4413; x_wconf 80' lang='lat'>2)</span> <span class='ocrx_word' id='word_1_384' title='bbox 244 4344 340 4426; x_wconf 63' lang='lat' dir='ltr'>(ltusio</span> <span class='ocrx_word' id='word_1_385' title='bbox 363 4345 434 4400; x_wconf 87' lang='lat' dir='ltr'>duee</span> <span class='ocrx_word' id='word_1_386' title='bbox 457 4345 543 4401; x_wconf 84' lang='lat' dir='ltr'>verbe</span> <span class='ocrx_word' id='word_1_387' title='bbox 566 4349 639 4413; x_wconf 81' lang='lat' dir='ltr'>exP</span> <span class='ocrx_word' id='word_1_388' title='bbox 664 4349 795 4418; x_wconf 80' lang='lat' dir='ltr'>supplete</span> <span class='ocrx_word' id='word_1_389' title='bbox 820 4347 929 4406; x_wconf 89' lang='lat' dir='ltr'>uncinis</span> <span class='ocrx_word' id='word_1_390' title='bbox 947 4348 997 4425; x_wconf 86' lang='lat'>&lt;&gt;</span> <span class='ocrx_word' id='word_1_391' title='bbox 1015 4350 1129 4420; x_wconf 77' lang='lat' dir='ltr'>inclusi,</span> <span class='ocrx_word' id='word_1_392' title='bbox 1156 4367 1227 4424; x_wconf 75' lang='lat' dir='ltr'>quse</span> <span class='ocrx_word' id='word_1_393' title='bbox 1246 4369 1302 4412; x_wconf 86' lang='lat' dir='ltr'>non</span> 
     </span>
     <span class='ocr_line' id='line_1_49' title="bbox 130 4416 648 4492; baseline 0.012 -24"><span class='ocrx_word' id='word_1_394' title='bbox 130 4416 284 4472; x_wconf 73' lang='lat' dir='ltr'>exstentis</span> <span class='ocrx_word' id='word_1_395' title='bbox 302 4417 325 4472; x_wconf 90' lang='grc' dir='ltr'>Ρ</span> <span class='ocrx_word' id='word_1_396' title='bbox 344 4416 475 4474; x_wconf 78' lang='lat' dir='ltr'>cancellis</span> <span class='ocrx_word' id='word_1_397' title='bbox 494 4417 529 4491; x_wconf 89' lang='lat'>[]</span> <span class='ocrx_word' id='word_1_398' title='bbox 548 4419 648 4492; x_wconf 71' lang='grc' dir='ltr'>κουραί.</span> 
     </span>
    </p>
   </div>
   <div class='ocr_carea' id='block_1_12' title="bbox 0 0 1530 4780">
    <p class='ocr_par' dir='ltr' id='par_1_16' title="bbox 0 0 1530 4780">
     <span class='ocr_line' id='line_1_50' title="bbox 0 0 1530 4780; baseline 0 1"><span class='ocrx_word' id='word_1_399' title='bbox 0 0 1530 4780; x_wconf 95' lang='lat' dir='ltr'> </span> 
     </span>
    </p>
   </div>
  </div>
 </body>
</html>
