3050 4780
210 219 276 286 396
332 217 491 273 Fridericus
510 217 699 288 Brachmanp:
719 217 901 286 Quaestiones
921 216 1261 289 Pseudo-Diogenianeae.

209 389 356 464 polatas
386 387 428 446 ad
457 389 605 448 verbnm
635 390 713 448 fere
745 387 982 460 exscriberet,
1016 407 1032 446 e
1061 387 1194 446 ceteris
1223 386 1384 447 codicum

209 477 380 553 partibus
400 478 476 536 fere
493 478 632 536 nullum
649 478 831 553 reciperet
849 476 996 536 lemma?
1030 475 1121 535 Cuius
1140 477 1184 535 rei
1203 475 1385 536 Schmidtius

210 567 287 625 hanc
305 565 405 625 adfert
426 565 652 642 explicationem
670 567 690 626 l.
705 586 728 626 a
743 586 765 626 s.
784 585 852 642 pag.
870 569 947 626 124:
968 565 1152 642 „Hesychius
1176 584 1248 639 eum
1266 565 1297 622 in
1314 565 1385 625 Dio·

210 655 337 730 geniano
357 655 395 714 ad
409 655 542 716 ordinem
557 655 726 715 litterarum
741 653 1043 732 digerendo'aliisque
1059 654 1161 714 lexicis
1176 653 1385 730 amplificando

211 747 372 819 occupatus
388 745 476 820 esset,
492 745 570 806 inre
588 744 744 821 permagni
762 743 874 803 laboris
894 763 928 803 eo
943 743 1133 820 potissimum
1148 743 1274 803 artificio
1290 747 1386 805 semet

210 834 310 908 ipsum
329 833 512 909 sublevavit,
535 836 571 892 ut
589 835 641 892 aut
660 833 755 893 libros
775 832 948 910 compilarat
965 833 1077 892 ordinis
1096 823 1385 911 observantissimos,

209 925 263 980 aut
282 921 378 980 sicubi
396 923 567 981 litterarum
590 923 682 982 series
701 923 799 981 minus
822 921 963 983 adcurate
982 926 1101 982 servata
1120 924 1212 996 esset,
1234 941 1284 981 eos
1303 925 1384 982 certe

209 1029 268 1070 non
288 1029 355 1068 cum
373 1010 540 1087 pulvisculo
556 1007 754 1070 exhauriret.“
778 1010 860 1081 Quae
878 1011 905 1070 si
923 1011 967 1070 ita
983 1015 1091 1086 essent,
1110 1029 1289 1087 magnopere
1304 1015 1386 1070 esset

213 1098 432 1176 admirandum,
451 1119 503 1159 cur
522 1100 691 1176 Hesychius
710 1102 766 1159 sub
786 1116 806 1159 α
825 1102 855 1158 et
874 1116 889 1159 ε
908 1099 1243 1177 paroemicgraphorum
1261 1099 1385 1174 agmina

210 1189 370 1265 expilasset
397 1190 476 1248 male
505 1189 641 1264 turbata,
670 1189 745 1248 alias
772 1190 883 1248 multas
912 1179 1033 1265 quintae
1066 1188 1257 1248 conlectionis
1291 1189 1383 1247 series

208 1278 345 1352 quamvis
369 1277 511 1337 adcurate
537 1277 711 1355 dispositas,
740 1279 824 1339 velut
846 1278 1055 1356 Bra-142,
1078 1279 1167 1353 plane
1191 1277 1383 1352 neglexisset.

202 1366 344 1442 ,Denique
369 1367 527 1426 discrimen
556 1367 671 1426 faciunt
693 1368 831 1426 multae
858 1367 946 1426 illae
975 1366 1382 1444 paroerniographorum

208 1455 477 1532 explicationes
497 1476 536 1516 ex
554 1456 809 1533 lexicographi
827 1458 863 1515 et
877 1455 1024 1514 Zenobii
1039 1455 1383 1532 interpretamentis

208 1544 500 1620 conglutinatae:
526 1545 710 1622 Hesychium
734 1546 811 1603 enim
834 1544 1061 1620 explicationum
1080 1549 1182 1620 partes
1202 1563 1238 1602 ex
1256 1544 1383 1604 Zenobio

210 1634 402 1709 depromptas
414 1653 484 1694 casu
499 1634 683 1710 fortuitoque
694 1637 756 1693 tam
767 1653 855 1710 saepe
866 1634 1001 1694 omisisse
1009 1653 1097 1692 nemo
1109 1635 1242 1694 statuere
1252 1632 1384 1692 audebit.

298 1722 367 1784 Non
393 1743 492 1782 meum
521 1742 586 1783 esse
612 1724 715 1800 putavi
739 1724 770 1782 in
793 1723 1069 1799 lexicographcrum
1094 1723 1194 1782 studia
1216 1722 1253 1780 ad
1276 1723 1383 1781 horum

209 1811 436 1886 proverbiorum
457 1831 643 1872 communem
662 1812 775 1873 iontem
788 1811 989 1888 indagandum
1003 1813 1095 1871 altius
1109 1811 1268 1887 inquirere,
1287 1830 1383 1886 neque

208 1900 411 1976 investigatae
434 1901 522 1960 huius
548 1901 733 1978 cognationis
755 1901 871 1961 fructus
890 1901 1016 1978 singulis
1034 1901 1107 1962 locis
1126 1899 1334 1976 comparandis
1353 1903 1384 1960 et

208 1988 391 2064 corrigendis
409 1990 570 2066 percipere.
603 1990 682 2050 Satis
702 1990 794 2051 habui
812 1991 1148 2067 paroemicgraphornm
1167 1988 1323 2066 archetypi
1337 2009 1382 2048 re·

209 2077 354 2138 stituendi
371 2098 482 2140 novum
500 2079 705 2141 adiumentum
725 2079 879 2140 indicasse.
