3050 4780
451 188 634 257 Quaestiones
653 193 993 267 Pseudo-Diogenianeae.
1103 275 1105 282 Ι
1246 199 1311 265 385

240 349 403 420 Hesychius.
631 357 810 414 Botffiim.
1000 367 1003 372 '
1061 360 1187 417 Ρίιοίίαα.

532 467 601 517 ξατο
632 465 727 518 θυείαν
746 468 907 536 ,Ἀπόλλωνι
936 469 1106 533 φυλάξαεθαι
1132 473 1168 538 μὴ
1192 471 1310 526 λάθωειν

534 545 702 614 Κατοιβαείψ
713 591 718 601 .
730 589 753 601 ..
785 550 830 600 καί
851 550 907 601 δια·
936 549 1023 602 αὐτὸν
1031 549 1056 603 οί
1067 551 1094 605 ἐξ
1102 549 1229 605 ἐναντία(
1242 553 1309 621 εὐχῇ

530 625 683 691 ταξάμενοε
697 627 747 693 ἐφ’
766 627 907 695 ἃῶρμηεε
935 625 1036 691 μείζονι
1062 632 1106 684 καί
1134 633 1309 701 λαμπροτέρα

531 705 564 756 τὸ
587 707 649 772 περί
671 710 724 773 τὴν
749 707 843 762 θυείαν
863 711 906 762 καί
935 710 1000 760 κατ’
1023 711 1110 764 αὐτοῦ
1136 713 1308 778 χρηεάμενοι·

531 788 583 850 τὴν
602 788 686 853 εὐχήν
702 790 767 841 οὔτε
784 789 905 857 ἱεροπρε-
935 786 950 837 ὁ
970 789 1000 841 δὲ
1019 790 1175 858 ἑκατόμβην
1198 792 1309 860 ἀνδρῶν

530 867 578 918 πέε
606 867 677 920 εἶναι
703 868 814 934 νομίεαε
839 873 905 924 οὔτε
934 867 1033 922 εὔξατο
1052 871 1142 924 θύεειν
1157 878 1199 941 τῷ
1215 872 1309 928 Ἀπόλ-

530 947 619 1001 ἄλλιυ(
632 948 738 1014 εὐεεβέ(
755 949 906 1016 ὑπερέθετο
933 949 1013 1000 λωνι·
1056 953 1234 1018 κατορθώεα(
1278 953 1309 1006 δέ

530 1025 609 1100 κτλ.>
934 1027 951 1080 ἃ
976 1029 1106 1094 ἐβούλετο
1133 1034 1187 1099 τὴν
1215 1033 1309 1088 θυείαν

934 1108 1029 1162 διὰτὸ
1049 1112 1084 1176 μὴ
1105 1111 1255 1180 ἱεροπρεπῆ
1273 1116 1309 1167 εῑ-

932 1204 977 1240 ναι
996 1187 1081 1262 <άεί>
1100 1192 1274 1258 ἀνεβάλλετο.

166 1287 320 1351 11312‚36.
340 1286 418 1338 Θεῶν
438 1281 502 1346 ἀγα
566 1286 806 1342 B495=PIV30.
826 1290 905 1343 Θεῶν
968 1285 1055 1354 1280,
1068 1293 1093 1342 3.
1131 1290 1161 1344 Θ.
1190 1291 1234 1356 άγ.
1264 1293 1308 1346 ἐπί

128 1371 174 1438 ρά·
207 1367 341 1435 παροιμία
372 1366 416 1418 ἐπί
443 1367 502 1415 τῶν
530 1369 632 1436 ἀγορά
673 1367 825 1439 (παροιμία
861 1370 905 1423 έπί
932 1369 991 1418 τῶν
1017 1369 1188 1434 τολμώντων
1215 1389 1242 1424 τι
1266 1374 1308 1426 λέ-

144 1451 317 1517 τολμώντων
342 1446 430 1510 λέγειν
454 1444 484 1497 ἐν
530 1453 588 1503 τῶν
611 1451 792 1514 τολμούντων
814 1466 841 1503 τι
864 1451 905 1504 λέ-
932 1460 991 1508 γειν
1014 1448 1044 1499 έν
1061 1455 1121 1502 τοί(
1138 1451 1306 1518 ὑπερέχουει,

126 1538 184 1587 τοί(
201 1534 337 1583 τοεοθτον
356 1525 503 1592 ὑπερέχον·
530 1545 589 1593 γειν
617 1530 660 1583 έπί
687 1535 746 1583 τοί(
770 1535 905 1584 το(οῡτον

127 1629 178 1679 ειν,
208 1611 274 1664 ὅεον
301 1608 328 1660 οί
355 1608 413 1660 θεοί
444 1609 503 1658 τῶν
530 1610 699 1677 ὑπερέχουει,
718 1611 782 1663 ὅεον
802 1610 828 1662 οί
846 1612 904 1663 θεοί

144 1692 311 1758 ἀνθρώπων.
333 1688 380 1741 Καί
398 1687 485 1739 τόπο(
530 1695 588 1743 τῶν
607 1691 771 1757 ἀνθρώπων.
793 1692 841 1744 Καί
859 1691 904 1743 τό·

128 1772 256 1838 Ἀθήνηει
280 1769 405 1821 ἀπὸτοῦ
424 1781 502 1819 (υνα-
530 1785 582 1823 ποε
610 1769 738 1837 Ἀθήνηει
770 1771 824 1824 άπὸ
851 1775 903 1824 τοι]

126 1844 501 1919 γερθῆναιπροεαγορευθείε.
530 1853 730 1918 ευναγερθῆναι
770 1867 904 1917 προεαγο-

530 1930 665 2002 ρευθείε.)

160 2029 186 2082 Ιί
201 2033 266 2095 319,
286 2033 329 2081 20.
375 2025 502 2092 Θολεράι(
566 2027 903 2084 Βοωίεἰί,ΡίίῙ31.Θολ.
966 2023 1049 2093 1282,
1060 2031 1083 2080 3.
1111 2029 1175 2082 Θολ.
1194 2032 1306 2097 προβαί-

126 2110 279 2177 προβαίνει·
309 2111 345 2174 μὴ
374 2110 502 2160 καθεετα-
529 2108 699 2175 προβαίνειε·
719 2112 756 2177 μὴ
780 2113 903 2164 καθιετα-
930 2121 994 2159 vett.
1019 2106 1168 2175 explicatio
1187 2137 1221 2154 =
1239 2112 1304 2167 Hes.

128 2191 212 2258 μένην
239 2191 284 2243 καί
312 2189 421 2254 άεφαλή
453 2203 501 2240 πο·
530 2189 616 2256 μένην
643 2192 688 2244 καί
716 2190 825 2258 ἀεφαλή
854 2207 904 2244 πο-
932 2185 1110 2242 adverbum.

129 2270 202 2337 ρείαν
227 2271 309 2336 ἔχων,
333 2269 396 2323 ἀλλ’
421 2267 500 2322 άετά-
528 2269 605 2336 ρείαν
630 2270 711 2337 ἔχων,
738 2271 801 2324 ἀλλ’
824 2271 903 2324 ἀετά-
966 2313 967 2316 ¹

129 2367 185 2404 τω(
214 2352 257 2404 καὶ
289 2347 501 2416 τεταραγμένον(
528 2367 584 2403 τω(
616 2353 660 2404 καί
691 2351 903 2417 τεταραγμένωε

129 2432 237 2497 προιών.
526 2432 641 2498 προιών.

163 2537 256 2592 omisit
272 2537 337 2590 Hes.
563 2536 820 2594 Bomisit.P1v32.
832 2540 902 2608 θρᾷ-
966 2535 1054 2605 1282,
1070 2541 1094 2594 7.
1131 2539 1238 2608 Θρᾷκε(
1269 2571 1303 2580 -

526 2635 570 2671 κε(
579 2619 658 2685 ὅρκια
669 2620 720 2672 οὐκ
730 2618 899 2673 ἐπίετανται·
929 2613 1098 2670 ἐπίετανται·
1126 2621 1231 2686 ταύτη(
1260 2622 1304 2687 μέ-

524 2699 629 2765 ταύτη(
643 2699 778 2767 μέμνηται
793 2699 902 2752 Μέναν-
929 2710 1028 2760 μνηται
1044 2697 1205 2765 Μένανδροε
1222 2702 1252 2753 έν
1267 2707 1302 2770 τῇ

525 2780 590 2845 δρα(
608 2779 638 2831 έν
657 2784 691 2847 τῇ
711 2781 819 2848 πρώτῃ.
853 2781 900 2833 Λέ-
927 2775 1033 2845 πρώτῃ.
1071 2778 1150 2842 Λέγει
1178 2781 1232 2846 γάρ
1260 2782 1303 2833 ὅτι

522 2874 564 2921 γει
578 2859 640 2928 γάρ,
659 2860 703 2913 ὅτι
717 2859 746 2912 έν
760 2860 849 2928 ταύτῃ
864 2865 898 2928 τῇ
927 2855 958 2906 ἑν
977 2857 1048 2926 αὐτῇ
1072 2864 1107 2928 τῇ
1127 2865 1163 2927 γῇ
1184 2891 1218 2898 -
1237 2861 1303 2914 αἴνι-

523 2944 558 3007 γῄ
578 2940 594 2991 ὁ
613 2940 799 3006 πρεεβιίτατο(
819 2940 899 2993 άκον-
926 2951 982 3000 γμα
1002 2937 1114 3002 ἐγένετο
1138 2941 1243 3008 Θρᾷκε(
1268 2972 1302 2979 -

522 3021 620 3072 τιεθείε
643 3021 687 3072 διά
710 3025 761 3073 τοῦ
782 3020 900 3086 (τήθουε
945 3014 1101 3071 έπίετανται
1135 3045 1168 3062 =
1200 3021 1223 3074 P
1248 3022 1285 3075 ad

521 3099 659 3154 ἀπώλετο.
704 3099 751 3153 Καί
770 3100 899 3155 ἐντεῦθεν
927 3095 1052 3150 verbum.

522 3181 590 3233 Ἴωει
609 3181 653 3232 καί
672 3179 811 3252 Αίολεῡειν
833 3180 899 3234 αίνι-

521 3276 578 3325 γμα
595 3259 707 3326 γέγονε,
730 3261 834 3328 Θρᾷκε(
852 3261 898 3327 ὅρ-

523 3356 567 3393 κια
585 3341 636 3392 οὐκ
655 3339 819 3394 ἐπίετανται.

158 3441 247 3507 11329,
259 3443 301 3495 96.
317 3439 494 3505 Θυμὸεοφοε·
557 3437 580 3490 Β
607 3443 668 3494 496.
719 3435 897 3506 Θυμόεοφοε·
963 3435 1098 3502 128⁶,12.
1131 3439 1201 3505 Θυμ.
1221 3442 1302 3507 εὐμα-

124 3521 139 3572 ὁ
170 3521 200 3574 έκ
231 3521 341 3588 φὺεεω(
374 3520 495 3585 εὐμαθῆ(
521 3521 589 3572 τοὺ(
611 3519 639 3573 έξ
662 3519 771 3587 φύεεω(
799 3520 898 3585 ὁξυμα-
926 3515 985 3584 θὴε,
1004 3517 1083 3584 φύεει
1102 3519 1217 3587 εὐφυήε.
1330 3586 1333 3591 ¹

123 3603 166 3654 καί
195 3602 314 3668 εὐφυήε,
347 3599 494 3667 ὁὶυμαθήε,
522 3603 578 3652 θεῖ(
605 3599 786 3666 καίέὺφυεῖ(
808 3591 899 3652 οὕτω(

123 3681 153 3732 ἐκ
172 3681 280 3748 φὺεευι(
299 3681 392 3746 (οφόε,
522 3681 648 3734 ἐκάλουν.

157 3786 251 3855 11330,
267 3791 292 3840 ά.
340 3787 494 3841 Θυννάζον-
557 3787 650 3840 Βίθί.
695 3787 896 3842 Θυννάζοντεε·
961 3784 1048 3853 1285,
1065 3790 1105 3839 13.
1143 3787 1220 3842 θύνν.
1240 3789 1301 3845 ἀντί

139 3884 195 3921 τεε·
215 3872 391 3934 κεντοῦντεε,
411 3869 477 3920 τοὺ(
539 3869 601 3922 άντί
627 3871 679 3921 τοθ
706 3871 878 3920 κεντοῦντεε·
942 3870 994 3918 τοῦ
1017 3871 1192 3920 κεντοῦντεε·
1217 3872 1284 3923 τοὺ(

121 3949 173 4015 γάρ
205 3949 341 4014 μεγάλου(
377 3947 495 4000 θύννου(
520 3949 660 4014 τριάδουει
675 3948 729 4014 γάρ
743 3947 898 4013 ἐλάμβανον
925 3945 978 4012 γάρ
1016 3948 1152 4010 μεγάλου(
1183 3950 1301 4004 θύννου(

121 4029 274 4094 τριόδουειν
293 4028 456 4093 ἐλάμβανον.
521 4031 588 4081 τοὺ(
606 4029 731 4081 θύννουε.
923 4026 1044 4092 τριόδοι(
1063 4027 1226 4092 ἐλάμβανον.

156 4135 262 4202 11331,
288 4139 331 4189 24.
387 4135 493 4201 (θύραζε
557 4131 897 4188 B503=PIV33.01'1-
959 4131 1048 4203 1286,
1070 4139 1093 4186 1.
1130 4135 1237 4201 ΘύραΖε
1265 4165 1300 4175 -

122 4216 205 4282 Κᾶρεε
228 4216 325 4268 οὐκέτ’
352 4214 493 4282 Ἀνθεετή-
521 4218 586 4281 ραζε
606 4216 633 4268 Κ.
649 4215 745 4268 οὐκέτ’
764 4215 835 4269 Ἀνθ.
852 4215 897 4285 [εί.
925 4214 996 4268 Ἀνθ.
1011 4213 1143 4282 παροιμία
1157 4216 1192 4280 ἣν
1210 4215 1236 4268 οἱ
1250 4219 1300 4282 μέν

121 4311 177 4361 ρια·
195 4295 328 4363 παροιμία
345 4295 380 4361 ἣν
400 4293 426 4348 οἱ
444 4296 494 4361 μέν
521 4295 599 4349 Τινέε
631 4295 661 4348 δέ
693 4295 784 4349 οὕτω(
818 4297 896 4362 φαεί·
925 4295 969 4347 διά
996 4299 1101 4361 πλῆθο(
1128 4325 1162 4332 -
1188 4295 1301 4361 ἐργαζο-

122 4375 165 4429 διίι
190 4377 225 4430 τὸ
249 4378 355 4441 πλῆθοε
378 4374 494 4429 οἰκετῶν
522 4376 629 4444 Θύραζε
660 4376 745 4443 Κῆρεε
776 4375 828 4428 οὐκ
857 4376 897 4428 ένι
925 4373 1300 4440 μένωνεΗοοπάνοείουιο.
