3050 4780
220 211 292 275 3684
580 169 582 172 Ι
627 209 783 265 Fridericus
802 209 988 263 Brachmann:

411 369 551 440 Pa-Iliog.
568 369 581 421 I
1022 366 1185 437 Apostolius

255 476 321 530 VIII
330 483 372 530 39.
404 478 461 531 Τιλε
479 478 509 530 ὲν
520 479 597 546 ’ᾅδου
616 475 776 542 τριακάδαε’
867 474 930 527 XVI
945 479 983 528 18.
1003 475 1058 528 Τὰ(
1073 506 1106 514 -
1121 476 1282 542 τριοκάδαεῑ
1302 479 1395 539 τιμᾶ-

219 557 250 591 **
262 559 292 612 έν
307 561 376 626 ᾅδου
393 558 438 610 διὰ
451 559 504 623 τὴν
518 557 641 620 Ἑκάτην.
662 557 709 610 Καί
723 557 777 623 γὰρ
831 571 884 608 ται
902 557 920 621 ἡ
935 573 951 608 τ
957 557 1074 621 ριακὰε
1088 557 1117 609 έν
1133 558 1202 624 ᾅδου
1218 585 1252 594 -
1267 557 1396 607 δοκοθαν

221 640 323 706 Ἀθηνᾶ
346 641 391 690 καί
410 637 536 704 Ἄρτεμι(
559 639 603 690 καί
626 637 723 703 Ἑκάτη
748 637 777 690 ἓν
832 661 865 680 =
884 633 909 687 Κ
925 635 962 688 IV
973 638 1014 704 57,
1035 634 1067 688 G.
1079 634 1107 688 0.
1124 634 1195 688 LIII
1208 641 1247 691 14.
1267 635 1302 690 cf.
1314 635 1394 688 Bodl.

220 721 289 772 εἶναι
309 721 442 771 δοκοθειν.
815 738 822 750 ·

255 824 322 878 VIII
338 829 379 877 41.
430 825 469 876 Τὸ
499 824 632 888 βαειλικὸν
661 823 777 890 βοίδιον·
866 819 944 874 XVII
954 827 977 877 2.
1003 823 1042 876 Τὸ
1060 823 1194 887 βαειλικὸν
1210 821 1327 887 βοίδιον·
1349 822 1395 874 ἐπὶ

220 906 264 958 ἐπί
281 903 457 969 Πτολεμαίου
478 908 529 956 τοῦ
552 903 618 956 νέου
638 906 703 968 βοῠε
721 904 777 956 έτε-
830 906 882 953 τοθ
907 902 1082 968 Πτολεμαίου
1112 905 1176 967 βοθε
1204 901 1337 955 ἀπέτεκεν
1367 902 1396 956 ἓξ

221 1002 268 1038 κεν
287 984 315 1038 ἓξ
335 983 431 1049 βοίδια.
464 983 578 1047 Λέγεται
592 983 643 1035 οὖν
661 984 705 1036 ἐπί
718 988 777 1036 τῶν
832 980 931 1046 βοίδια·
955 983 1038 1049 πρὸς
1060 983 1186 1036 οἰωνοῦ
1207 984 1242 1035 δέ
1262 983 1395 1046 ἀγαθοῦ

219 1065 391 1118 πολυτόκων.
419 1061 524 1130 „verba
541 1063 778 1128 λέγεται-πολυτό-
831 1063 868 1115 τὸ
885 1063 1137 1129 ευμβηεόμενον
1152 1063 1264 1127 λαβὼν
1278 1063 1294 1115 ὁ
1308 1063 1394 1116 Πτο-

222 1162 279 1198 κων
294 1143 487 1198 diasceuastae
505 1141 691 1196 vindicanda“
711 1143 777 1196 Cru—
831 1143 966 1206 terralo(
980 1144 1015 1195 έν
1028 1149 1100 1197 rol<
1116 1142 1295 1209 βαειλείοιε
1309 1144 1397 1208 μετὰ

222 1224 279 1278 sius
300 1243 327 1292 p.
343 1231 376 1278 29
401 1225 497 1291 itaque
520 1223 557 1276 ab
581 1224 677 1292 Apost.
701 1224 778 1276 recte
830 1223 936 1288 πάεηε
977 1222 1169 1290 έπιμελείαε
1207 1223 1395 1290 προεέταξε

223 1303 332 1360 omissa.
831 1301 1026 1369 τρέφεεθαι·
1053 1305 1157 1372 χρὴεῃ
1184 1305 1218 1356 δέ
1245 1307 1350 1356 τοῦτο
1376 1305 1395 1369 ἢ

832 1382 884 1434 ἐπί
929 1387 997 1436 τῶν
1043 1382 1224 1450 θεραπεία(
1268 1385 1398 1449 πολλῆ(

793 1502 795 1507 .
832 1462 1045 1527 ἀξιουμένων
1077 1465 1094 1530 ἢ
1124 1463 1175 1516 ἐπί
1203 1467 1269 1517 τῶν
1298 1464 1398 1516 εὐτυ-

832 1543 986 1608 χούντων
1015 1567 1047 1586 =
1077 1542 1204 1596 Klvoe
1224 1541 1397 1596 adverbum

832 1619 904 1687 fers,
924 1619 1001 1675 Bodl.
1018 1627 1089 1676 θθί.ἱ

257 1730 322 1784 VIII
333 1737 375 1786 48.
394 1731 451 1784 Τὸν
470 1730 572 1784 ξίιοντα
586 1731 615 1782 δ’
630 1730 777 1784 ἀναξύειν·
869 1726 947 1781 XVII
961 1733 1003 1781 20,
1041 1730 1097 1782 Τὸν
1123 1730 1224 1784 ξύοντα
1243 1729 1398 1783 ἀναξύειν·

221 1813 332 1866 ἐπὶτῶν
343 1813 387 1865 διὰ
397 1813 476 1878 χάριν
486 1811 599 1877 χάριτα(
613 1810 777 1862 ποιούντων,
833 1808 877 1860 ἐπί
909 1813 968 1862 τῶν
1002 1811 1223 1874 βλαπτόντων
1256 1811 1273 1876 ἢ
1308 1810 1397 1876 ὠφε-

834 1879 991 1941 λούντων
1003 1890 1106 1942 τινάε,
1121 1890 1185 1943 ἀπὸ
1201 1895 1401 1956 μεταφορὰ(

833 1971 901 2021 τῶν
920 1969 1020 2020 ὄνων·
1044 1968 1211 2035 ἀλλήλουε
1229 1969 1291 2034 γὰρ
1311 1969 1400 2022 ἀντι-

834 2048 1025 2115 κνὴθουειν.
1041 2047 1111 2102 (λθ.
1129 2048 1231 2101 LPIII
1243 2053 1275 2102 '18
1290 2048 1326 2100 ad
1338 2064 1401 2101 ver-

835 2126 988 2180 bumfere.

315 2244 372 2306 Sed
395 2265 454 2305 non
477 2246 564 2305 modo
589 2245 699 2318 mult-os
724 2243 817 2316 λοοοι,
846 2243 897 2318 qui
921 2244 952 2301 in
971 2243 1120 2318 Ps.·Di0g.
1145 2243 1265 2318 volgato
1289 2242 1402 2302 misere

223 2335 372 2394 decurtati
397 2338 517 2394 exstant
539 2335 683 2408 foedeque
708 2333 840 2408 corrupti
864 2331 1042 2407 integriores
1062 2331 1195 2391 servavit
1213 2332 1403 2409 Apostolius,
1516 2367 1517 2372 κ

225 2425 276 2483 sed
305 2425 396 2482 etiam
424 2425 499 2483 duas
528 2442 615 2498 saepo
639 2423 737 2481 adfert
760 2414 1017 2502 explicationssl),
1041 2440 1167 2496 quarum
1191 2421 1318 2518 alterarn
1337 2421 1401 2481 Ρα-

223 2513 312 2588 Diog.
326 2512 341 2570 I
356 2512 457 2571 omisit
471 2513 598 2571 alteram
613 2511 665 2569 alii
679 2511 792 2570 codices
809 2530 843 2569 ex
856 2510 913 2568 hac
931 2511 1102 2570 recensione
1117 2511 1288 2586 pendentes,
1303 2510 1347 2568 ita
1366 2516 1403 2569 ut

225 2622 260 2660 ex
278 2602 330 2660 illo
350 2602 413 2662 solo
433 2601 596 2661 communis
615 2601 772 2659 ambarum
791 2599 876 2675 origo
895 2598 1032 2675 intellegi
1050 2600 1158 2676 possit,
1177 2599 1274 2659 velut:

420 2717 560 2788 Pa-Diog.
577 2719 588 2772 l
1034 2715 1196 2785 Apostolius

260 2827 324 2879 Ιθ4.
362 2825 522 2892 Ἀμαλθείαε
544 2827 638 2893 κέραε·
662 2826 784 2879 ἐπὶτῶν
874 2823 949 2876 1153.
988 2822 1147 2888 Ἀμαλθείᾳ(
1165 2823 1259 2890 κέραε·
1279 2823 1323 2876 έπί
1341 2828 1403 2876 τῶν

224 2907 316 2960 πάντα
335 2907 370 2959 τὰ
389 2907 458 2959 καλὰ
477 2907 506 2959 ἐν
526 2907 635 2960 ἑαυτοίε
655 2906 785 2971 κεκτημέ-
839 2904 972 2971 ἀφθόνωε
1004 2906 1048 2956 καί
1077 2905 1248 2969 εὐδαιμόνωε
1275 2904 1402 2958 Ζώντων.

224 3004 291 3041 νων.
330 2987 391 3040 Ῥέα
418 2986 471 3052 γὰρ
498 2991 621 3039 τεκοθεα-
642 2987 693 3038 τὸν
721 2984 784 3052 Δία,
840 2985 920 3054 (ίιυοο
948 2985 1033 3039 verba
1061 3001 1093 3037 ex
1118 2983 1204 3036 Suida
1231 2983 1333 3037 hausta
1361 2983 1403 3038 vi-

225 3068 329 3120 ἔδωκεν
356 3065 501 3135 Ἀμαλθείᾳ
527 3066 653 3133 τρέφειν,
682 3065 726 3117 διὰ
751 3065 784 3117 τὸ
840 3065 958 3135 dentur.)

226 3149 262 3213 μὴ
289 3148 342 3200 ὑπὸ
368 3133 472 3214 Κρόνου
499 3147 711 3212 καταβρωθῆναι
733 3149 784 3198 τοῦ
875 3147 910 3214 A)
935 3147 978 3199 ὅτι
1004 3149 1039 3213 τῇ
1068 3149 1167 3212 τροφῷ
1194 3143 1280 3196 αὑτοῦ
1305 3144 1404 3209 Ἀμαλ·

225 3226 297 3280 ἰδίου
315 3228 428 3293 πατρδε.
449 3227 477 3278 Ἡ
498 3227 529 3279 δέ
547 3225 603 3289 αἰγί
622 3225 708 3278 αὐτὸν
722 3225 785 3277 ὑπέ-
840 3226 900 3296 θείᾳ
922 3228 938 3280 δ
957 3227 1027 3279 Zet(
1050 3224 1077 3277 ἐξ
1099 3222 1177 3287 αἰγὸε
1194 3223 1334 3292 τρεφούεῃ
1356 3226 1404 3277 αὐ-

227 3309 315 3372 βολεν.
337 3307 366 3359 '0
380 3305 476 3359 τοίνυν
490 3306 561 3359 Ζεὺε
575 3305 643 3371 μετὰ
656 3306 690 3358 τὸ
704 3306 786 3358 κατά·
839 3306 890 3359 τὸν
908 3305 1024 3371 παρέεχε
1039 3303 1120 3370 κέρα(
1138 3303 1223 3370 αίγὸε,
1244 3304 1279 3356 δι’
1293 3305 1326 3356 οὗ
1342 3304 1404 3357 έπέ-

226 3390 268 3440 ξαι
291 3389 350 3439 τῶν
373 3387 502 3453 οὐρανῶν
525 3385 575 3438 τὸν
597 3385 716 3451 πατέρα,
744 3385 786 3448 ἐγ·
841 3388 936 3450 βλυίεν
960 3385 1030 3453 αὐτῇ
1054 3388 1109 3436 πᾶν
1129 3384 1144 3436 ὃ
1164 3384 1197 3436 ἂν
1216 3385 1348 3452 ᾑτήεατο.
1369 3410 1404 3428 =

124 3531 126 3534 Ι
190 3522 194 3532 ,
226 3468 329 3534 κρατήε
346 3466 495 3532 γενόμενοι
512 3469 562 3532 τῆ(
576 3463 716 3531 βαειλείαε,
734 3467 787 3531 τήν
841 3464 941 3532 Kree,
961 3464 1033 3520 dd.
1048 3465 1117 3516 Lis
1137 3465 1188 3516 etc.
1217 3465 1264 3517 Καί
1284 3465 1386 3518 ἄλλωε·

227 3548 276 3614 μέν
295 3547 360 3610 αἶγα
379 3546 564 3616 κατηετέριεε·
588 3545 622 3598 τὸ
642 3545 672 3598 δέ
691 3545 786 3611 ἕτερον
812 3587 814 3632 1
877 3545 910 3614 Β)
939 3545 1053 3610 Λέγεται
1082 3547 1135 3612 τὴν
1164 3544 1241 3597 Ῥέαν
1268 3549 1405 3598 τεκοῡεαν

225 3632 284 3681 τῶν
303 3627 428 3694 κεράτων
443 3627 530 3692 αὐτήε
543 3625 656 3691 ἀφελὼν
670 3625 787 3692 παρέεχε
812 3657 814 3752 Ι
840 3625 890 3679 τὸν
923 3624 978 3678 Δία
1010 3625 1159 3678 δεδωκέναι
1191 3630 1225 3692 τῇ
1258 3623 1405 3693 Ἀμαλθείᾳ

225 3713 260 3776 τῇ
277 3705 428 3777 Ἀμαλθείᾳ.
448 3705 653 3773 παραεκευάεαε
667 3705 787 3770 γίνεεθαι
840 3706 965 3773 τρέφειν·
985 3707 1056 3773 ἡδὲ,
1073 3707 1109 3771 μὴ
1125 3705 1223 3769 ἔχουεα
1238 3703 1321 3770 (adde
1331 3704 1406 3767 γάλα

226 3789 297 3855 αὐτῇ
318 3789 361 3841 διὰ
379 3792 431 3839 τοῦ
451 3787 566 3853 κέρατοε
585 3786 600 3838 δ
620 3786 654 3838 ἂν
673 3785 786 3852 αἰτήεοι.
812 3770 814 3860 l
842 3812 875 3830 =
898 3784 1042 3852 Ps-Plus)
1066 3783 1121 3849 αἰγί
1145 3783 1278 3847 ὑπέβαλεν
1302 3784 1405 3836 αὐτόν·

812 3861 814 3913 l
841 3867 905 3920 ὅθεν
934 3866 1077 3932 Αἰγιοθχοε
1105 3864 1215 3929 ἐκλήθη.
1254 3862 1285 3916 Ὁ
1306 3862 1406 3915 τοίνυν

812 3926 815 4003 l
840 3947 911 4000 Ζεὺε
942 3949 994 4013 τὴν
1027 3946 1076 4010 μέν
1110 3945 1175 4008 αῑγα
1211 3942 1407 4009 καθιετόρηεεν

231 4056 443 4065 Ἣ

299 4109 324 4176 1)
340 4108 370 4160 Ιυ
390 4109 443 4161 hac
463 4125 637 4176 quoquere,
657 4106 681 4161 si
701 4107 786 4162 ceteri
804 4105 887 4161 huius
901 4104 1072 4160 recensionis
1093 4103 1202 4158 codices
1221 4102 1407 4173 proverbium

230 4180 343 4234 omnino
371 4196 426 4233 non
457 4181 591 4234 exhibent
614 4181 663 4233 aut
687 4179 762 4233 omni
786 4179 882 4234 carent
900 4176 1093 4246 explicatione,
1114 4175 1147 4228 de
1166 4173 1309 4243 Apostolii
1327 4175 1408 4229 fonte

227 4253 297 4306 certi
325 4249 397 4304 nihil
427 4250 599 4322 distinguere
623 4267 779 4320 possumus.
824 4247 859 4305 cf.
879 4246 1028 4318 Ps-Diog.
1044 4246 1057 4298 I
1076 4246 1131 4300 115
1157 4269 1191 4290 =
1210 4247 1261 4314 Ap.
1279 4245 1291 4298 Ι
1307 4251 1349 4314 93,
1370 4245 1407 4300 cf.

229 4323 449 4379 Zen.Par.154.
471 4355 502 4362 -
523 4321 690 4377 Ps.·DIll8
711 4349 745 4366 =
765 4325 816 4392 Ap.
827 4319 879 4374 118
904 4352 932 4360 -
955 4320 1126 4376 Ps-DII95
1147 4344 1180 4362 =
1201 4317 1253 4386 Ap.
1267 4316 1350 4371 11155
1372 4349 1407 4357 -

227 4394 721 4466 Ps.-D11173=.-Ap.1121=DV
739 4392 883 4462 Ilo-l-D.
