3050 4780
213 170 281 234 382
625 173 783 228 Fridericus
802 173 993 230 Brachmann:

316 332 477 403 Hesychius.
709 334 886 389 Bodleianus.
1144 333 1270 389 Photius.

610 442 654 496 ἐπί
672 460 698 495 τι
712 448 825 510 πρᾶγμα
839 459 983 510 ςτρατευο-

610 524 701 586 μένων
729 525 808 590 (corr.
837 539 983 590 ςτραγγευ-

611 604 729 671 ομὲνων)
750 605 788 657 δέ.
808 605 876 658 Φαςί
891 603 921 656 δέ
935 605 982 656 αύ-

608 686 661 751 τὴν
679 683 840 751 Τερψίωνος
857 681 956 755 εἶναι.)

245 786 420 856 11272,302.
459 789 488 842 ‘H
508 790 582 842 κύων
646 795 706 846 468,
745 792 774 845 Ἡ
798 792 873 845 κύων
897 793 926 845 έν
947 797 982 857 τῇ
1045 795 1132 849 1257.
1156 790 1185 843 Ἠ
1197 791 1271 844 κύων
1285 791 1329 844 ἐπί
1343 794 1394 856 τῆς

211 869 241 920 ἐν
263 874 298 937 τῇ
317 870 424 938 φάτνῃ·
451 869 583 937 παροιμία
610 871 713 940 φάτνῃ·
735 873 813 939 Πρὸς
830 874 897 927 τούς
915 872 984 939 μήτε
1012 873 1133 941 φάτνης·
1183 868 1317 937 παροιμία
1350 872 1393 924 ἐπί

209 949 279 1032 πρὸς
300 950 367 1001 τοὺς
389 951 458 1016 μήτε
481 951 584 1004 αὐτοὺς
611 954 720 1007 ἑαυτοῖς
738 953 897 1019 χρωμένους
916 953 984 1019 μήτε
1030 957 1089 1006 τῶν
1124 952 1193 1018 μήτε
1223 951 1376 1016 χρωμένων

212 1029 372 1094 χρωμένους
386 1030 456 1096 μήτε
472 1030 584 1098 ἑτέρους
612 1033 711 1086 ἄλλους
722 1033 829 1086 ἐῶντας
837 1034 906 1099 παρ’
921 1033 985 1086 ὅςον
1014 1033 1079 1099 μήτ’
1110 1033 1200 1085 ἄλλοις
1233 1031 1392 1096 μεταδιδόν-

212 1109 325 1164 ἐῶντας.
611 1114 719 1179 ἡκύων
729 1113 795 1166 οὔτε
805 1114 876 1179 αύτὴ
893 1113 987 1180 κριθάς
1014 1129 1081 1166 των.

612 1191 691 1246 έςθίει
735 1193 779 1244 καί
815 1194 865 1246 τὸν
901 1192 986 1247 ἵππον
1050 1192 1134 1245 1363.
1162 1193 1241 1246 Κύων
1260 1193 1304 1246 ἐπί
1324 1193 1393 1260 φάτ-

613 1274 665 1326 ούκ
683 1273 723 1342 ἐᾷ.
1016 1289 1079 1339 νης·
1099 1271 1233 1339 παροιμία
1251 1273 1307 1326 έ.τ.
1323 1273 1392 1339 μήτε

1016 1353 1167 1420 χρωμένων
1198 1354 1267 1420 μήτε
1294 1354 1394 1407 ἄλλους

1017 1434 1140 1488 ἐώντων.

248 1536 397 1604 11277‚55.
423 1539 522 1605 Ἡμένη
542 1554 587 1591 πε·
650 1546 710 1594 469.
749 1541 849 1608 Ἡμένη
868 1542 989 1596 πελειάς·
1053 1541 1179 1608 Ip.259.
1219 1540 1319 1605 Ἡμένη
1347 1555 1394 1592 πε-

213 1618 296 1673 λειάς·
316 1618 448 1685 παροιμία
467 1620 511 1672 ἐπί
529 1623 587 1672 τῶν
615 1622 658 1674 ἐπί
691 1625 749 1675 τῶν
783 1623 989 1676 άπλουςτάτων.
1018 1620 1105 1673 λειάς·
1124 1618 1256 1687 παροιμία
1275 1620 1319 1672 ἐπί
1335 1623 1394 1672 τῶν

212 1699 588 1754 άπλουςτάτωνκατάάντεξ-
634 1702 708 1755 Κατὰ
727 1701 901 1756 ἀντεξέταςιν
919 1705 972 1769 τὴν
1019 1700 1212 1766 άπλουςτέρων
1220 1700 1264 1752 καί
1274 1699 1393 1766 ἀκακοή-

214 1779 303 1832 έταςιν
340 1781 392 1846 τὴν
430 1779 499 1845 πρὸς
538 1780 588 1834 τὰς
615 1782 684 1848 πρὸς
702 1782 751 1835 τὰς
769 1781 944 1850 παλευτρίας,
963 1782 991 1836 αί
1019 1782 1077 1833 θων
1085 1780 1251 1846 ταττομένη,
1259 1779 1392 1832 κατ’κάντ-

212 1858 378 1926 παλευτρίας
396 1859 553 1931 πελειάδαςζ
615 1860 789 1927 ἐξιπτάμεναι
827 1864 871 1915 καί
908 1863 991 1917 ἄλλας
1037 1860 1156 1914 εἱέταςιν
1188 1864 1246 1912 τῶν
1276 1861 1376 1913 παλευ-

633 1941 769 2008 ἀπατήςαι
791 1944 972 2010 προάγονται.
1036 1944 1122 2008 τριῶν
1149 1939 1176 1993 αἳ
1195 1939 1370 2005 ἐξιπτύμεναι

614 2021 753 2075 Παλεθςαι
769 2024 823 2090 γὰρ
837 2025 871 2078 τὸ
886 2025 990 2092 ἀπατῆὲ
1019 2023 1103 2076 ἄλλας
1119 2020 1310 2086 προςάγουςιν.

616 2101 658 2155 ςαί
677 2117 767 2169 φαςιν.

248 2208 274 2260 ΙΙ
284 2213 345 2276 286,
355 2213 398 2263 24,
424 2209 588 2275 Ἡρακλέους
652 2214 712 2264 470,
751 2193 917 2277 Ἡρακλέους
945 2215 990 2266 θν-
1055 2207 1134 2262 deest
1155 2207 1230 2280 apud
1250 2204 1388 2262 Phofium.

213 2289 303 2345 θυςία·
322 2288 455 2356 παροιμία
471 2289 515 2342 έπί
528 2293 587 2342 τῶν
618 2287 681 2343 ςίαι·
705 2290 749 2342 έπί
772 2294 830 2343 τῶν
854 2290 912 2358 εἰκῆ
931 2297 991 2346 ταῖς

213 2369 271 2503 elga
300 2375 360 2423 ταῖς
387 2367 489 2423 θυςίαις
517 2386 587 2436 χρω-
617 2368 718 2424 θυςίαις
736 2371 896 2437 χρωμένων.

214 2467 314 2516 μνων.

250 2557 398 2625 11286,21.
430 2558 586 2625 Ἡράκλεια·
651 2561 711 2613 471.
743 2549 885 2624 Ἡρακλεία
902 2558 989 2612 λίθος·
1054 2555 1187 2622 1266,2.
1233 2556 1393 2624 Ἡρακλείαν

213 2637 289 2692 λίθος
307 2640 342 2704 ἣν
367 2639 434 2692 ένιοι
453 2643 587 2706 μαγνῆτιν
614 2638 723 2704 ταύτην
755 2639 823 2691 ἔνιοι
854 2641 907 2705 τήν
943 2657 991 2705 μα-
1017 2635 1107 2690 λίθον·
1127 2637 1200 2689 τινές
1217 2639 1270 2703 τὴν
1290 2642 1393 2703 μαγνῆ-

231 2719 367 2783 λέγουςιν·
393 2720 444 2772 οὐκ
467 2719 568 2785 ὀρθῶς·
615 2721 713 2783 γνήτιν
732 2719 840 2782 λέγουςι
861 2721 914 2785 τὴν
936 2720 991 2772 ἐπι·
1017 2733 1061 2769 τιν
1093 2717 1229 2770 ἀπέδοςαν
1263 2717 1308 2770 διά
1339 2719 1392 2784 τὴν

213 2799 401 2853 διαλλάττουςι
420 2799 505 2866 (γάρ).
539 2800 588 2853 Καί
617 2798 761 2866 ςπωμένην
792 2799 843 2852 τὸν
866 2798 989 2866 ςίδηρον·
1019 2796 1179 2863 Ἡρακλείαν
1206 2801 1256 2864 τῆς
1280 2797 1393 2862 Μαγνη-

213 2882 230 2945 ἡ
260 2880 309 2945 μὲν
337 2878 509 2945 έπιςπωμένη
537 2879 587 2931 τὸν
616 2878 643 2930 ol
684 2879 714 2931 δὲ
755 2878 853 2945 ἑτέραν
892 2879 991 2945 ὁμοίαν
1018 2875 1086 2931 ςίας·
1106 2877 1173 2930 ἔνιοι
1193 2877 1223 2930 δέ
1241 2877 1285 2930 ὅτι
1304 2880 1322 2943 ἡ
1343 2879 1393 2943 μέν

213 2957 325 3026 ςίδηρον
345 2957 489 3026 Ἡρακλεία
507 2959 587 3026 ἐςτίν,
615 2957 825 3030 (παραπλήςιον
845 2957 885 3030 Ρ>
908 2960 990 3027 ἀργὺ-
1018 2957 1191 3024 έπιςπωμένη
1210 2957 1261 3010 τὸν
1281 2956 1392 3024 ςίδηρον

213 3041 281 3105 ἡδὲ
300 3039 382 3106 ἑτέρα
402 3039 589 3105 παραπλήςιος
616 3054 657 3107 ρῳ
673 3038 824 3110 (κέκληται
839 3038 991 3111 δέούτως>
1019 3037 1200 3104 Ἡρακλεῶτις
1226 3038 1244 3104 ἡ
1273 3037 1304 3090 δέ
1332 3038 1392 3092 Μα-

214 3120 342 3188 ἀργύριμ·
369 3119 439 3172 ῶςτε
465 3119 587 3173 Πλάτων
616 3119 670 3171 ἀπὸ
700 3118 857 3187 Ἡρακλείας
883 3120 990 3175 πόλεως
1016 3121 1111 3182 γνῆτις
1139 3115 1221 3182 ὁμοία
1248 3116 1321 3170 ἐςτίν
1347 3118 1393 3185 ἀρ-

214 3199 364 3266 άμαρτάνει
383 3199 435 3254 οίο.
459 3199 588 3266 κέκληται
616 3201 757 3264 κληθεῑςαν
785 3198 815 3251 ἐν
840 3198 926 3268 Λυδίᾳ
947 3196 991 3271 <P
1016 3197 1093 3265 γύριμ
1112 3198 1165 3251 etc.
1241 3197 1243 3209 '

214 3281 244 3334 δέ
259 3281 351 3334 ούτως
365 3280 419 3333 άπὸ
430 3278 588 3346 Ἡρακλείας
616 3279 642 3331 ἀ.
663 3279 770 3345 Ἠρακλ.
790 3284 840 3342 τῆς
858 3279 888 3332 ἑν
903 3279 989 3350 Λυδίᾳ
1053 3281 1120 3342 266,
1139 3281 1163 3330 4.
1202 3278 1394 3345 Ἡρακλεώτης

213 3365 264 3426 τῆς
295 3359 325 3413 ἐν
357 3358 444 3428 Λυδίᾳ
471 3360 587 3417 πόλεως·
615 3359 722 3432 πόλεως
737 3385 770 3402 =
785 3356 870 3431 Hes.)
1016 3355 1103 3412 λίθος·
1128 3357 1144 3409 ὁ
1167 3357 1222 3424 ὑφ’
1244 3360 1325 3424 ἡμῶν
1344 3359 1393 3423 μά-

215 3441 258 3494 διὸ
274 3442 317 3493 καί
332 3439 476 3507 (Σοφοκλῆς
485 3438 587 3493 Λυδίαν
1017 3452 1086 3503 γνης
1103 3437 1119 3489 ὁ
1138 3437 1326 3502 ἐπιςπῶμενος
1341 3439 1393 3492 τὸν

214 3519 292 3574 λίθον
311 3520 400 3586 αὐτὴν
419 3522 502 3586 καλεῖ,
518 3519 544 3572 οί
558 3520 588 3573 δέ
1017 3516 1137 3583 ςίδηρον.
1176 3515 1320 3583 Ἡρακλεία
1338 3519 1392 3585 γάρ

233 3604 364 3669 ςιδηρῑτιν
388 3600 415 3653 οί
438 3601 468 3653 δέ
493 3600 570 3667 Ἠρα-
1017 3597 1128 3661 ἐλέγετο
1147 3598 1164 3664 ἡ
1184 3596 1338 3665 Μαγνηςία.

216 3684 339 3735 κλεῶτιν.

251 3787 348 3854 11291,
360 3795 401 3842 79.
425 3789 510 3842 Ἡςαν
525 3789 590 3842 ποτ’
654 3792 713 3840 472.
748 3787 833 3840 Ἠςαν
852 3817 886 3826 -
906 3788 991 3854 Μιλή-
1054 3785 1393 3851 ίθθθ,1.Ἠςαν-Μι-

215 3870 282 3935 ῆςαν
316 3869 422 3934 ἄλκιμοι
452 3870 588 3937 Μιλήςιοι·
618 3885 679 3923 ςιοι·
699 3869 754 3922 ἀπὸ
773 3873 894 3934 χρηςμού
913 3868 991 3932 γέγο-
1018 3868 1115 3934 λήςιοι·
1166 3864 1299 3932 παροιμία
1337 3866 1393 3919 ἀπὸ

214 3947 347 4015 παροιμία
379 3949 434 4002 ἀπὸ
468 3955 589 4016 χρηςμού
617 3966 664 4003 νεν
693 3950 772 4014 αὕτη.
819 3948 934 4012 Λέγεται
961 3949 991 4001 δέ
1018 3950 1140 4013 χρηςμού
1159 3946 1276 3998 ἐπὶτῶν
1294 3962 1393 4011 προγε-

215 4029 589 4098 ἐπίτῶνπρογεγονότωνβ),
617 4029 672 4082 ἀπὸ
699 4033 759 4082 τῶν
788 4028 843 4082 ἀπὸ
868 4027 993 4083 εὐδοξίας
1017 4027 1147 4092 γονάτων
1166 4051 1199 4069 =
1218 4025 1283 4078 Hes.

617 4110 767 4163 πεςόντων.

252 4210 402 4280 11294,58.
432 4208 465 4260 Ἠ
484 4207 544 4274 τρίς
563 4207 590 4262 ἓξ
653 4213 705 4262 473
725 4233 759 4252 =
780 4205 911 4260 P1v23.
958 4205 991 4258 Ἢ
1055 4205 1142 4273 12⁷0,
1156 4208 1182 4258 4.
1219 4205 1252 4258 Ἢ
1275 4206 1393 4271 τρίς-
1505 4221 1506 4232 ·

215 4295 325 4360 ἢτρείς
343 4291 434 4355 κύβοι·
458 4286 591 4355 παροιμία
617 4289 728 4354 τρίς-
748 4289 837 4353 κύβοι·
863 4282 901 4358 (ἡ
924 4303 992 4353 παρ·
1019 4285 1109 4351 κύβοι·
1137 4284 1170 4338 τά
1196 4284 1250 4351 γάρ
1274 4285 1393 4340 παλαιὸν

216 4373 336 4426 ἐπὶτῶν
357 4372 375 4438 ἢ
395 4369 590 4437 ἐπιτυγχανόν-
619 4367 693 4436 οιμία
723 4368 799 4436 παρά
826 4367 992 4436 Φερεκράτει
1019 4363 1104 4434 τριςίν
1138 4365 1263 4433 ἐχρῶντο
1299 4365 1394 4431 κύβοις
1504 4391 1505 4424 ;
