3050 4780
467 193 650 260 Quaestiones
668 190 1003 262 Pseudo-Diogenianeae.
1258 193 1323 256 357

154 381 172 420 a
190 362 312 438 reliquis
327 361 602 438 paroemiographis
616 380 675 420 non
690 379 779 420 sensu
794 362 844 420 sed
861 361 957 420 forma
971 361 1202 438 explicationem
1216 361 1323 420 mirum

151 451 182 509 in
200 451 321 510 modum
346 451 459 525 differt,
485 469 552 511 oum
577 451 733 526 archetypi
756 451 848 510 verba
871 469 924 510 suo
948 451 1045 510 Marte
1069 453 1185 510 mutare
1205 453 1235 510 et
1258 469 1324 511 eon-

151 541 271 600 trahese
298 558 358 599 non
386 541 583 612 dubitaverit,
615 539 647 598 id
678 560 771 597 unum
800 558 906 616 agens,
935 543 969 599 ut
997 539 1208 615 explicationes
1235 559 1324 615 quam

151 631 278 689 maxime
306 629 538 690 circumcideret.
574 628 657 698 Quae
684 628 777 706 igitur
804 629 963 705 proverbia
988 649 1042 704 per
1065 648 1096 688 se
1116 629 1274 706 perspicua
1297 629 1326 688 ei

150 719 342 792 videbantur,
366 713 485 778 omnino
504 738 563 779 non
590 717 775 794 explanavit,
800 715 894 793 δήλη,
918 713 1064 793 φανερόν
1088 719 1197 778 similia
1216 719 1325 778 substi-

151 811 238 868 tuens
258 808 343 868 velut
360 808 375 866 I
392 811 442 884 21,
463 810 513 885 27,
535 811 585 882 39,
605 810 656 883 49,
673 808 724 882 74,
740 809 790 879 94,
808 809 848 868 98
864 809 932 883 etc.;
953 807 1127 883 saepissime
1141 827 1212 867 vero
1225 808 1325 866 arohe-

137 897 218 974 typi
232 896 460 972 explicationem
475 897 623 955 contraxit
637 896 785 972 sagaciter
799 887 984 973 plerumque,
998 897 1147 956 interdum
1158 896 1326 970 debilitans,

152 1005 228 1060 quae
247 986 311 1061 ipse
331 1005 366 1044 ex
385 986 431 1044 his
451 1004 609 1061 cognosces
630 984 787 1060 exemplis:
852 1033 856 1042 .
1253 1005 1254 1010 ¹

187 1085 406 1140 Zen.Par.128.
429 1086 566 1152 Ἀδακρυε
578 1086 710 1151 πόλεμοε·
801 1083 871 1138 Mac.
887 1084 953 1138 125.
977 1086 1113 1152 Ἀδακρυε
1131 1087 1262 1151 πόλεμοι·
1283 1085 1326 1138 ἐπὶ

187 1167 231 1219 ἐπὶ
253 1170 312 1220 τῶν
338 1166 399 1220 ἔξω
424 1167 584 1219 κινδύνου
607 1166 712 1218 παντὸε
766 1170 824 1218 τῶν
843 1166 1029 1220 ἀκινδύνως
1047 1168 1082 1220 τὰ
1100 1168 1249 1234 πράγματα
1268 1182 1323 1219 κα-

150 1248 236 1314 ῥᾷετα
255 1246 285 1299 δὲ
303 1248 348 1299 καΙ
367 1248 436 1313 παρ’
458 1246 554 1299 ἐλπίδα
571 1247 607 1299 τὰ
625 1246 711 1313 πράγ-
765 1247 993 1312 πορθούντων.

151 1343 224 1392 ματα
241 1327 517 1390 κατορθούντων.

187 1433 250 1487 Zen.
265 1430 326 1487 Par.
343 1430 408 1484 129.
438 1432 575 1485 Ἀδύνατα
594 1435 692 1499 θηρᾷε·
801 1431 870 1484 Mac
888 1430 952 1484 126.
991 1432 1128 1487 Ἀδύνατα
1147 1438 1246 1502 θηρᾷτ·

187 1513 231 1565 ἐπί
262 1517 314 1566 τού
343 1513 569 1578 ἐγχειροῦντος
597 1511 711 1578 μείζοειν
803 1512 845 1564 ἐπὶ
872 1516 931 1565 τῶν
958 1518 1017 1564 ‘tole
1042 1512 1189 1567 denverois
1215 1515 1328 1580 ἐπιχει-

151 1595 168 1660 ή
188 1593 249 1646 καθ’
268 1592 378 1645 ἑαυτόν.
766 1593 918 1658 ρούντων.

188 1697 252 1752 Zen.
269 1699 328 1751 Par.
343 1696 423 1753 1143.
461 1682 516 1751 Ἀεῖ
533 1699 659 1765 γεωργὸε
675 1697 713 1752 εἰ(
802 1696 874 1751 Mac.
889 1698 954 1750 134.
974 1698 1028 1770 Ἀεὶ
1046 1700 1171 1767 γεωργὸς
1185 1700 1223 1754 εἰ(
1236 1701 1328 1755 νέωτα

150 1779 243 1834 νέωτα
270 1779 409 1832 πλούειοε·
443 1779 487 1831 ἐπὶ
514 1783 573 1831 τῶν
601 1778 712 1832 ἐλπίδι
766 1779 905 1832 πλούτιοτ·
934 1779 978 1830 ἐπί
1003 1783 1062 1832 τῶν
1086 1780 1116 1833 ἐν
1139 1786 1201 1845 ταῖς
1221 1782 1328 1835 ἐλπίτι

151 1861 200 1925 μὲν
224 1860 266 1913 ἀεὶ
287 1859 471 1926 τρεφομένων
495 1858 713 1913 ἀπαλλάττεεθαι
767 1859 962 1925 καυχωμένων.

39 1961 41 1966 ·
152 1944 210 1993 τῶν
233 1941 344 2007 δεινων,
373 1943 431 1992 τοτε
459 1939 553 1992 αύτοῑε
576 1940 606 1992 δὲ
631 1939 712 1993 πάλιν

152 2019 384 2086 περιπιπτόντων.

188 2124 319 2179 DVIeo.
354 2125 448 2178 Ἀετὸν
467 2126 605 2194 κάνθαροι
623 2126 713 2192 μαιεύ-
803 2123 873 2178 Mac.
889 2125 954 2178 136.
995 2125 1090 2178 Ἀετὸν
1113 2126 1250 2193 κάνθαροι
1269 2145 1327 2192 μαι-

152 2223 224 2260 εται*
252 2207 288 2259 τὰ
312 2207 366 2272 γὰρ
395 2206 438 2257 on
460 2210 511 2258 τού
535 2207 619 2259 ἀετοῦ
643 2207 714 2273 ἀφα-
768 2206 891 2270 εύεομαι·
916 2205 960 2256 ἐπί
982 2210 1041 2257 τῶν
1064 2208 1329 2272 τιμωρουμένων

152 2286 271 2341 νίζουτιν
293 2284 319 2339 ot
338 2286 483 2352 κάνθαροι,
508 2286 566 2337 ἐπεί
589 2285 615 2338 ol
638 2286 715 2338 ἀετοί
768 2287 835 2339 τοὺ(
853 2287 995 2352 ἄρξαντας.

153 2368 220 2419 τοὺε
243 2366 397 2432 κανθάρου(
420 2365 589 2429 ἀναλέγουα.
640 2364 715 2431 Είλη-

153 2462 219 2499 πται
248 2448 267 2512 ή
295 2445 427 2511 παροιμία
456 2445 499 2498 ἐπί
526 2449 584 2498 τῶν
611 2463 716 2513 περιπι-

152 2527 283 2579 πτόντων
302 2530 361 2578 τοῖς
375 2525 445 2592 παρ’
464 2526 716 2593 αὐτῶνάδικηθεῖει

65 2618 67 2622 ’
156 2608 201 2659 καὶ
222 2606 287 2660 κατ’
307 2604 385 2658 ἀξίαν
403 2607 678 2673 τιμωρουμένων.

190 2709 321 2766 1111162.
363 2711 410 2766 Αἴξ
429 2712 543 2779 (κυρία
563 2713 716 2780 Χρύειππάε
805 2710 956 2766 Μαο.168.
995 2711 1040 2764 Αίξ
1065 2711 1177 2779 (κυρία
1202 2713 1245 2765 ἐπί
1270 2717 1328 2765 τῶν

156 2809 239 2859 φηειν
267 2793 311 2845 ἐπί
339 2795 397 2844 τῶν
424 2792 474 2846 τὰ(
499 2793 613 2861 χάριτας
640 2794 716 2847 ἀνα·
770 2791 1032 2859 ἀνατρεπόντων
1050 2792 1282 2859 sanctem-cclcc·
1302 2793 1330 2845 αἱ

154 2872 352 2939 τρεπόντων
380 2872 511 2938 τετάχθαι
538 2876 591 2940 τήν
622 2891 717 2941 παροι-
768 2872 822 2938 γάρ
841 2871 912 2924 κατὰ
926 2871 1031 2937 (κῦρον
1048 2872 1124 2936 αἶγεε
1142 2875 1226 2925 πολύ
1245 2873 1330 2936 γάλα

155 2953 232 3019 μίαν,
261 2952 359 3019 ἐπειδὴ.
378 2952 508 3006 πολλάκις
531 2953 573 3006 τά
599 2954 718 3018 ἀγγεῖα
758 2952 900 3018 ἀφιεῖεαι,
942 2952 1002 3004 εἶτα
1044 2951 1250 3018 ἀνατρέποιια
1291 2952 1329 3004 τὸ

156 3033 374 3100 ἀνατρέπειὴ
404 3031 454 3085 cli.
481 3033 558 3084 ἄλλοι
581 3033 611 3086 δέ
636 3050 718 3100 φατιν
770 3032 917 3096 ἀγγεῖον.

124 3182 126 3188 .
159 3113 201 3165 ἐπί
219 3118 278 3166 των
297 3113 473 3178 δνηειφόρων
489 3112 611 3176 λέγεεθαι
626 3113 717 3166 διὰτὸ

156 3194 240 3246 πολὺ
259 3192 343 3256 γάλα
361 3191 457 3258 φέρειν
474 3193 526 3245 τὰ(
544 3191 658 3260 (κυρίατ
677 3195 717 3246 ol·

155 3289 217 3339 γαε·
238 3273 350 3339 ἄμεινον
370 3273 401 3325 δὲ
418 3272 452 3325 τὸ
470 3277 593 3339 πρῶτον.

168 3357 323 3432 'Dv1aa
371 3377 500 3445 Ἀκίνητα
528 3385 621 3431 κινεῖς·
646 3380 716 3432 καθ’
806 3376 876 3431 Mae.
892 3377 957 3432 166.
995 3376 1124 3444 Ἀκίνητα
1142 3381 1237 3429 κινεῖν·
1257 3377 1330 3429 καθ’

156 3460 363 3526 ὑπερβολήν,
390 3459 432 3511 δτι
457 3461 493 3525 μή
513 3461 553 3512 δεῖ
572 3464 655 3512 κινεῖν
679 3463 714 3526 μή
771 3458 972 3525 ὑπερβολήν·
999 3458 1042 3510 δτι
1072 3458 1105 3509 οὐ
1137 3458 1177 3509 δεῑ
1200 3457 1239 3508 τὰ
1264 3458 1331 3522 δρι-

156 3541 278 3607 βωμοὺε,
298 3541 334 3605 μή
354 3538 478 3606 τάφουε,
498 3541 533 3605 μή
554 3539 663 3606 δρουτ.
687 3589 692 3602 ,
770 3539 888 3592 (θέντα
906 3535 1092 3604 παραβαίνειν.

246 3653 352 3728 Neque
366 3655 466 3712 tamen
482 3654 518 3713 de
532 3654 615 3713 fonte
629 3655 734 3718 hainin
751 3653 979 3730 explicationem
995 3650 1148 3727 ambigere
1162 3669 1331 3726 possumus,

160 3761 230 3800 nam
259 3743 446 3818 singulorum
473 3743 633 3802 verborum
658 3761 819 3802 consensus
847 3761 963 3801 omnem
996 3740 1078 3798 tollit
1105 3738 1331 3798 dubitationem.

158 3831 387 3906 Nonnumquam
406 3851 477 3891 vero
497 3832 570 3891 Mac.
590 3852 656 3892 cum
676 3833 743 3892 Zen.
759 3833 824 3890 Par.
850 3832 925 3890 bene
951 3829 1111 3905 consentit,
1135 3828 1190 3886 DV
1209 3848 1275 3888 cnm
1294 3829 1331 3899 D,

157 3919 990 3997 velutMao.18‚10,13=Zen.P19‚10,ll:in
1018 3917 1330 3977 DV18=D110

157 4008 214 4067 sub
233 4025 291 4066 nno
309 4009 449 4069 lemmate
466 4010 631 4070 coniuncta.
651 4042 691 4050 -
712 4009 785 4069 Mae.
801 4010 880 4068 1116
898 4034 938 4054 =
954 4008 1022 4066 Zen.
1037 4007 1061 4064 P
1075 4006 1133 4064 111
1157 4001 1331 4080 Ἄνθρακεε

158 4092 177 4156 ὁ
197 4093 352 4171 θηεαυρὸε
381 4095 567 4173 πέφυκεν,
591 4097 647 4156 DV
662 4099 727 4158 152
745 4125 786 4146 =
802 4099 828 4156 D
844 4098 911 4157 190
935 4091 1108 4169 Ἄνθρακεε
1127 4089 1146 4153 δ
1167 4089 1330 4167 θηεαυρόε.

159 4219 198 4227 -
220 4187 294 4245 Mao.
310 4185 386 4244 1114
403 4212 444 4234 ---
461 4188 529 4247 Zen.
545 4189 569 4246 P
584 4188 666 4248 1196
687 4183 738 4246 ἐπὶ
761 4187 828 4247 τῶν
847 4179 927 4259 παρ’
946 4180 1035 4259 ὥραν
1054 4201 1083 4242 τι
1103 4183 1330 4256 διαπραττο-

157 4274 293 4351 μένων,
318 4273 373 4332 DV
388 4275 469 4334 1111
490 4302 530 4323 ==
546 4277 572 4334 D
588 4277 685 4337 11176
706 4273 935 4336 ποιούντων.
964 4305 1000 4314 -
1026 4273 1100 4330 Mac.
1121 4273 1187 4331 163
1206 4297 1246 4319 =
1262 4273 1330 4331 Zen.

159 4365 181 4422 P
201 4365 272 4424 149
298 4358 579 4440 Ἀκαρπότεροε
608 4359 652 4445 (εἴ
670 4358 709 4447 Ρ)
737 4359 908 4426 Ἀδώνιδοτ
933 4361 1035 4438 κήπου
1058 4354 1184 4443 (κήπων
1203 4353 1255 4443 Ρ)·
1280 4357 1332 4420 ἐπὶ

1008 4473 1011 4480 “
1065 4462 1119 4516 24*
