<?xml version="1.0" encoding="UTF-8"?>
<!DOCTYPE html PUBLIC "-//W3C//DTD XHTML 1.0 Transitional//EN"
    "http://www.w3.org/TR/xhtml1/DTD/xhtml1-transitional.dtd">
<html xmlns="http://www.w3.org/1999/xhtml" xml:lang="en" lang="en">
 <head>
  <title>
</title>
<meta http-equiv="Content-Type" content="text/html;charset=utf-8" />
  <meta name='ocr-system' content='tesseract 3.04.00' />
  <meta name='ocr-capabilities' content='ocr_page ocr_carea ocr_par ocr_line ocrx_word'/>
</head>
<body>
  <div class='ocr_page' id='page_1' title='image "./quaestionespseu00bracgoog_0011.png"; bbox 0 0 3050 4780; ppageno 0'>
   <div class='ocr_carea' id='block_1_1' title="bbox 199 150 968 216">
    <p class='ocr_par' dir='ltr' id='par_1_1' title="bbox 199 150 968 216">
     <span class='ocr_line' id='line_1_1' title="bbox 199 150 968 216; baseline -0.017 0"><span class='ocrx_word' id='word_1_1' title='bbox 199 151 264 216; x_wconf 77' lang='grc'>342</span> <span class='ocrx_word' id='word_1_2' title='bbox 607 150 764 205; x_wconf 82' lang='lat' dir='ltr'>Fridericus</span> <span class='ocrx_word' id='word_1_3' title='bbox 782 150 968 204; x_wconf 87' lang='lat' dir='ltr'>Braehmann:</span> 
     </span>
    </p>
   </div>
   <div class='ocr_carea' id='block_1_2' title="bbox 199 315 1373 1019">
    <p class='ocr_par' dir='ltr' id='par_1_2' title="bbox 199 315 1373 664">
     <span class='ocr_line' id='line_1_2' title="bbox 200 315 1373 396; baseline -0.003 -18"><span class='ocrx_word' id='word_1_4' title='bbox 200 339 275 396; x_wconf 89' lang='lat' dir='ltr'>quae</span> <span class='ocrx_word' id='word_1_5' title='bbox 291 320 348 380; x_wconf 90' lang='lat' dir='ltr'>sibi</span> <span class='ocrx_word' id='word_1_6' title='bbox 363 322 456 381; x_wconf 88' lang='lat' dir='ltr'>velint</span> <span class='ocrx_word' id='word_1_7' title='bbox 475 319 685 395; x_wconf 75' lang='lat' dir='ltr'>explicationes</span> <span class='ocrx_word' id='word_1_8' title='bbox 705 317 823 378; x_wconf 91' lang='lat' dir='ltr'>omnino</span> <span class='ocrx_word' id='word_1_9' title='bbox 843 318 979 392; x_wconf 82' lang='lat' dir='ltr'>intellegi</span> <span class='ocrx_word' id='word_1_10' title='bbox 998 337 1057 375; x_wconf 91' lang='lat' dir='ltr'>non</span> <span class='ocrx_word' id='word_1_11' title='bbox 1075 315 1177 392; x_wconf 89' lang='lat' dir='ltr'>possit.</span> <span class='ocrx_word' id='word_1_12' title='bbox 1200 317 1279 374; x_wconf 71' lang='lat' dir='ltr'>Tum</span> <span class='ocrx_word' id='word_1_13' title='bbox 1303 316 1373 374; x_wconf 91' lang='lat' dir='ltr'>inde</span> 
     </span>
     <span class='ocr_line' id='line_1_3' title="bbox 200 400 1372 488; baseline -0.005 -20"><span class='ocrx_word' id='word_1_14' title='bbox 200 413 250 470; x_wconf 88' lang='lat' dir='ltr'>ab:</span> <span class='ocrx_word' id='word_1_15' title='bbox 274 403 344 483; x_wconf 81' lang='grc' dir='ltr'><strong>τάχ’</strong></span> <span class='ocrx_word' id='word_1_16' title='bbox 370 404 515 482; x_wconf 78' lang='grc' dir='ltr'>εἰεόμεθα</span> <span class='ocrx_word' id='word_1_17' title='bbox 533 404 677 483; x_wconf 82' lang='grc' dir='ltr'>μάντεω(</span> <span class='ocrx_word' id='word_1_18' title='bbox 697 400 873 488; x_wconf 76' lang='grc' dir='ltr'>(μάντεων)</span> <span class='ocrx_word' id='word_1_19' title='bbox 892 401 1069 480; x_wconf 86' lang='grc' dir='ltr'>ὑπέρτερον</span> <span class='ocrx_word' id='word_1_20' title='bbox 1083 405 1168 465; x_wconf 90' lang='lat' dir='ltr'>varia</span> <span class='ocrx_word' id='word_1_21' title='bbox 1186 406 1299 464; x_wconf 89' lang='lat' dir='ltr'>scholia</span> <span class='ocrx_word' id='word_1_22' title='bbox 1323 425 1372 463; x_wconf 81' lang='lat' dir='ltr'>ex-</span> 
     </span>
     <span class='ocr_line' id='line_1_4' title="bbox 199 489 1373 575; baseline -0.003 -19"><span class='ocrx_word' id='word_1_23' title='bbox 199 500 344 575; x_wconf 87' lang='lat' dir='ltr'>pilantur,</span> <span class='ocrx_word' id='word_1_24' title='bbox 368 499 476 574; x_wconf 89' lang='lat' dir='ltr'>quibus</span> <span class='ocrx_word' id='word_1_25' title='bbox 500 498 644 557; x_wconf 89' lang='lat' dir='ltr'>accedunt</span> <span class='ocrx_word' id='word_1_26' title='bbox 667 498 735 556; x_wconf 90' lang='lat' dir='ltr'>inde</span> <span class='ocrx_word' id='word_1_27' title='bbox 759 497 795 554; x_wconf 90' lang='lat' dir='ltr'>ab</span> <span class='ocrx_word' id='word_1_28' title='bbox 819 489 988 568; x_wconf 74' lang='grc' dir='ltr'>ἀδράετεια</span> <span class='ocrx_word' id='word_1_29' title='bbox 1008 514 1101 572; x_wconf 91' lang='lat' dir='ltr'>usque</span> <span class='ocrx_word' id='word_1_30' title='bbox 1119 496 1157 552; x_wconf 91' lang='lat' dir='ltr'>ad</span> <span class='ocrx_word' id='word_1_31' title='bbox 1174 494 1261 552; x_wconf 91' lang='lat' dir='ltr'>finem</span> <span class='ocrx_word' id='word_1_32' title='bbox 1281 495 1373 552; x_wconf 87' lang='lat' dir='ltr'>inter-</span> 
     </span>
     <span class='ocr_line' id='line_1_5' title="bbox 200 586 854 664; baseline -0.005 -17"><span class='ocrx_word' id='word_1_33' title='bbox 200 589 365 664; x_wconf 91' lang='lat' dir='ltr'>polationes</span> <span class='ocrx_word' id='word_1_34' title='bbox 385 607 401 646; x_wconf 89' lang='lat' dir='ltr'>e</span> <span class='ocrx_word' id='word_1_35' title='bbox 420 587 513 646; x_wconf 86' lang='lat' dir='ltr'>lexico</span> <span class='ocrx_word' id='word_1_36' title='bbox 532 586 631 662; x_wconf 88' lang='lat' dir='ltr'>aliquo</span> <span class='ocrx_word' id='word_1_37' title='bbox 653 587 854 661; x_wconf 80' lang='lat' dir='ltr'>depromptae.</span> 
     </span>
    </p>

    <p class='ocr_par' dir='ltr' id='par_1_3' title="bbox 200 671 1373 1019">
     <span class='ocr_line' id='line_1_6' title="bbox 291 671 1372 752; baseline -0.004 -18"><span class='ocrx_word' id='word_1_38' title='bbox 291 677 336 734; x_wconf 84' lang='lat' dir='ltr'>Ex</span> <span class='ocrx_word' id='word_1_39' title='bbox 355 676 453 736; x_wconf 88' lang='lat' dir='ltr'>codice</span> <span class='ocrx_word' id='word_1_40' title='bbox 478 675 623 752; x_wconf 78' lang='lat' dir='ltr'>persimili</span> <span class='ocrx_word' id='word_1_41' title='bbox 647 676 699 733; x_wconf 88' lang='lat' dir='ltr'>sed</span> <span class='ocrx_word' id='word_1_42' title='bbox 721 673 854 733; x_wconf 90' lang='lat' dir='ltr'>melioris</span> <span class='ocrx_word' id='word_1_43' title='bbox 876 677 965 732; x_wconf 89' lang='lat' dir='ltr'>notae</span> <span class='ocrx_word' id='word_1_44' title='bbox 991 692 1057 731; x_wconf 83' lang='lat' dir='ltr'>cunr</span> <span class='ocrx_word' id='word_1_45' title='bbox 1075 673 1265 748; x_wconf 88' lang='lat' dir='ltr'>volgatorum</span> <span class='ocrx_word' id='word_1_46' title='bbox 1282 671 1372 730; x_wconf 91' lang='lat' dir='ltr'>libro-</span> 
     </span>
     <span class='ocr_line' id='line_1_7' title="bbox 200 749 1373 840; baseline -0.005 -16"><span class='ocrx_word' id='word_1_47' title='bbox 200 785 266 824; x_wconf 92' lang='lat' dir='ltr'>rum</span> <span class='ocrx_word' id='word_1_48' title='bbox 285 766 469 840; x_wconf 86' lang='lat' dir='ltr'>archetypon</span> <span class='ocrx_word' id='word_1_49' title='bbox 487 782 659 840; x_wconf 85' lang='lat' dir='ltr'>expressum</span> <span class='ocrx_word' id='word_1_50' title='bbox 677 769 765 836; x_wconf 90' lang='lat' dir='ltr'>esset,</span> <span class='ocrx_word' id='word_1_51' title='bbox 784 749 845 822; x_wconf 74' lang='lat' dir='ltr'>tres</span> <span class='ocrx_word' id='word_1_52' title='bbox 864 763 932 821; x_wconf 88' lang='lat' dir='ltr'>illos</span> <span class='ocrx_word' id='word_1_53' title='bbox 948 762 1068 820; x_wconf 90' lang='lat' dir='ltr'>Zenobii</span> <span class='ocrx_word' id='word_1_54' title='bbox 1087 762 1180 819; x_wconf 91' lang='lat' dir='ltr'>libros</span> <span class='ocrx_word' id='word_1_55' title='bbox 1199 761 1373 819; x_wconf 87' lang='lat' dir='ltr'>continebat</span> 
     </span>
     <span class='ocr_line' id='line_1_8' title="bbox 200 849 1373 929; baseline -0.005 -17"><span class='ocrx_word' id='word_1_56' title='bbox 200 873 260 912; x_wconf 92' lang='lat' dir='ltr'>una</span> <span class='ocrx_word' id='word_1_57' title='bbox 279 873 345 913; x_wconf 89' lang='lat' dir='ltr'>curn</span> <span class='ocrx_word' id='word_1_58' title='bbox 363 853 528 929; x_wconf 84' lang='lat' dir='ltr'>proverbiis</span> <span class='ocrx_word' id='word_1_59' title='bbox 542 853 750 912; x_wconf 83' lang='lat' dir='ltr'>Alexandrinis</span> <span class='ocrx_word' id='word_1_60' title='bbox 771 871 811 910; x_wconf 87' lang='lat' dir='ltr'>ex</span> <span class='ocrx_word' id='word_1_61' title='bbox 833 851 957 911; x_wconf 89' lang='lat' dir='ltr'>ordine</span> <span class='ocrx_word' id='word_1_62' title='bbox 977 849 1187 908; x_wconf 90' lang='lat' dir='ltr'>litterarum</span> <span class='ocrx_word' id='word_1_63' title='bbox 1207 850 1287 908; x_wconf 88' lang='lat' dir='ltr'>haud</span> <span class='ocrx_word' id='word_1_64' title='bbox 1306 849 1373 907; x_wconf 92' lang='lat' dir='ltr'>dili·</span> 
     </span>
     <span class='ocr_line' id='line_1_9' title="bbox 204 938 1373 1019; baseline -0.005 -17"><span class='ocrx_word' id='word_1_65' title='bbox 204 947 310 1019; x_wconf 84' lang='lat' dir='ltr'>genter</span> <span class='ocrx_word' id='word_1_66' title='bbox 328 944 516 1018; x_wconf 74' lang='lat' dir='ltr'>compositoS,</span> <span class='ocrx_word' id='word_1_67' title='bbox 536 943 643 1017; x_wconf 89' lang='lat' dir='ltr'>quibus</span> <span class='ocrx_word' id='word_1_68' title='bbox 664 942 719 1000; x_wconf 90' lang='lat' dir='ltr'>sub</span> <span class='ocrx_word' id='word_1_69' title='bbox 740 940 865 1017; x_wconf 90' lang='lat' dir='ltr'>singulis</span> <span class='ocrx_word' id='word_1_70' title='bbox 883 940 994 998; x_wconf 88' lang='lat' dir='ltr'>litteris</span> <span class='ocrx_word' id='word_1_71' title='bbox 1013 943 1044 998; x_wconf 91' lang='lat' dir='ltr'>et</span> <span class='ocrx_word' id='word_1_72' title='bbox 1062 938 1231 998; x_wconf 84' lang='lat' dir='ltr'>densissimi</span> <span class='ocrx_word' id='word_1_73' title='bbox 1250 938 1373 1014; x_wconf 77' lang='lat' dir='ltr'>quintae</span> 
     </span>
    </p>
   </div>
   <div class='ocr_carea' id='block_1_3' title="bbox 201 1007 1522 1104">
    <p class='ocr_par' dir='ltr' id='par_1_4' title="bbox 201 1007 1522 1104">
     <span class='ocr_line' id='line_1_10' title="bbox 201 1007 1522 1104; baseline -0.005 -13"><span class='ocrx_word' id='word_1_74' title='bbox 201 1032 391 1092; x_wconf 77' lang='lat' dir='ltr'>coelectionis</span> <span class='ocrx_word' id='word_1_75' title='bbox 411 1033 442 1089; x_wconf 88' lang='lat' dir='ltr'>et</span> <span class='ocrx_word' id='word_1_76' title='bbox 469 1031 602 1091; x_wconf 83' lang='lat' dir='ltr'>continui</span> <span class='ocrx_word' id='word_1_77' title='bbox 625 1031 741 1090; x_wconf 87' lang='lat' dir='ltr'>ordines</span> <span class='ocrx_word' id='word_1_78' title='bbox 768 1027 784 1088; x_wconf 82' lang='lat' dir='ltr'>e</span> <span class='ocrx_word' id='word_1_79' title='bbox 803 1029 895 1087; x_wconf 88' lang='lat' dir='ltr'>lexico</span> <span class='ocrx_word' id='word_1_80' title='bbox 917 1029 1017 1104; x_wconf 91' lang='lat' dir='ltr'>aliquo</span> <span class='ocrx_word' id='word_1_81' title='bbox 1041 1029 1210 1103; x_wconf 85' lang='lat' dir='ltr'>deprompti</span> <span class='ocrx_word' id='word_1_82' title='bbox 1232 1028 1374 1086; x_wconf 91' lang='lat' dir='ltr'>inculcati</span> <span class='ocrx_word' id='word_1_83' title='bbox 1485 1097 1489 1104; x_wconf 88' lang='lat'>.</span> <span class='ocrx_word' id='word_1_84' title='bbox 1521 1007 1522 1020; x_wconf 34' lang='lat'>¹</span> 
     </span>
    </p>
   </div>
   <div class='ocr_carea' id='block_1_4' title="bbox 190 1117 1376 2272">
    <p class='ocr_par' dir='ltr' id='par_1_5' title="bbox 199 1117 1376 1552">
     <span class='ocr_line' id='line_1_11' title="bbox 202 1117 1375 1195; baseline -0.004 -16"><span class='ocrx_word' id='word_1_85' title='bbox 202 1121 405 1192; x_wconf 84' lang='lat' dir='ltr'>e1·ant,multo</span> <span class='ocrx_word' id='word_1_86' title='bbox 424 1120 469 1178; x_wconf 93' lang='lat' dir='ltr'>illi</span> <span class='ocrx_word' id='word_1_87' title='bbox 483 1120 653 1178; x_wconf 89' lang='lat' dir='ltr'>adcuratius</span> <span class='ocrx_word' id='word_1_88' title='bbox 669 1118 807 1195; x_wconf 88' lang='lat' dir='ltr'>dispositi</span> <span class='ocrx_word' id='word_1_89' title='bbox 826 1137 942 1192; x_wconf 88' lang='lat' dir='ltr'>semper</span> <span class='ocrx_word' id='word_1_90' title='bbox 961 1120 995 1176; x_wconf 89' lang='lat' dir='ltr'>ut</span> <span class='ocrx_word' id='word_1_91' title='bbox 1013 1117 1101 1176; x_wconf 88' lang='lat' dir='ltr'>binae</span> <span class='ocrx_word' id='word_1_92' title='bbox 1115 1118 1165 1176; x_wconf 91' lang='lat' dir='ltr'>vel</span> <span class='ocrx_word' id='word_1_93' title='bbox 1178 1118 1279 1192; x_wconf 90' lang='lat' dir='ltr'>plures</span> <span class='ocrx_word' id='word_1_94' title='bbox 1294 1117 1375 1174; x_wconf 89' lang='lat' dir='ltr'>litte-</span> 
     </span>
     <span class='ocr_line' id='line_1_12' title="bbox 201 1206 1376 1285; baseline -0.004 -17"><span class='ocrx_word' id='word_1_95' title='bbox 201 1229 252 1268; x_wconf 90' lang='lat' dir='ltr'>rae</span> <span class='ocrx_word' id='word_1_96' title='bbox 278 1210 504 1285; x_wconf 82' lang='lat' dir='ltr'>respicerentur.</span> <span class='ocrx_word' id='word_1_97' title='bbox 542 1209 607 1267; x_wconf 85' lang='lat' dir='ltr'>Tali</span> <span class='ocrx_word' id='word_1_98' title='bbox 638 1229 672 1267; x_wconf 86' lang='lat' dir='ltr'>ex</span> <span class='ocrx_word' id='word_1_99' title='bbox 695 1209 777 1266; x_wconf 85' lang='lat' dir='ltr'>fonte</span> <span class='ocrx_word' id='word_1_100' title='bbox 801 1207 902 1266; x_wconf 90' lang='lat' dir='ltr'>hausti</span> <span class='ocrx_word' id='word_1_101' title='bbox 924 1207 955 1264; x_wconf 89' lang='lat' dir='ltr'>in</span> <span class='ocrx_word' id='word_1_102' title='bbox 979 1207 1054 1265; x_wconf 89' lang='lat' dir='ltr'>duas</span> <span class='ocrx_word' id='word_1_103' title='bbox 1082 1206 1196 1282; x_wconf 89' lang='lat' dir='ltr'>volgati</span> <span class='ocrx_word' id='word_1_104' title='bbox 1219 1206 1376 1264; x_wconf 89' lang='lat' dir='ltr'>discedunt</span> 
     </span>
     <span class='ocr_line' id='line_1_13' title="bbox 201 1288 1376 1378; baseline -0.004 -21"><span class='ocrx_word' id='word_1_105' title='bbox 201 1302 317 1374; x_wconf 89' lang='lat' dir='ltr'>partes:</span> <span class='ocrx_word' id='word_1_106' title='bbox 344 1299 381 1356; x_wconf 91' lang='lat' dir='ltr'>ab</span> <span class='ocrx_word' id='word_1_107' title='bbox 406 1299 502 1356; x_wconf 85' lang='lat' dir='ltr'>altera</span> <span class='ocrx_word' id='word_1_108' title='bbox 526 1302 608 1356; x_wconf 90' lang='lat' dir='ltr'>stant</span> <span class='ocrx_word' id='word_1_109' title='bbox 627 1297 740 1357; x_wconf 88' lang='lat' dir='ltr'>codices</span> <span class='ocrx_word' id='word_1_110' title='bbox 759 1288 879 1378; x_wconf 78' lang='lat' dir='ltr'><strong>PHF¹)</strong></span> <span class='ocrx_word' id='word_1_111' title='bbox 899 1296 1031 1355; x_wconf 87' lang='lat' dir='ltr'>recensio</span> <span class='ocrx_word' id='word_1_112' title='bbox 1051 1295 1198 1368; x_wconf 91' lang='lat' dir='ltr'>Parisina,</span> <span class='ocrx_word' id='word_1_113' title='bbox 1223 1296 1260 1353; x_wconf 87' lang='lat' dir='ltr'>ab</span> <span class='ocrx_word' id='word_1_114' title='bbox 1280 1295 1376 1352; x_wconf 88' lang='lat' dir='ltr'>altera</span> 
     </span>
     <span class='ocr_line' id='line_1_14' title="bbox 200 1379 1375 1466; baseline -0.002 -22"><span class='ocrx_word' id='word_1_115' title='bbox 200 1379 329 1466; x_wconf 73' lang='lat' dir='ltr'>Bw)</span> <span class='ocrx_word' id='word_1_116' title='bbox 349 1386 480 1446; x_wconf 86' lang='lat' dir='ltr'>recensio</span> <span class='ocrx_word' id='word_1_117' title='bbox 500 1387 671 1462; x_wconf 81' lang='lat' dir='ltr'>Bodleiano,</span> <span class='ocrx_word' id='word_1_118' title='bbox 690 1385 918 1461; x_wconf 90' lang='lat' dir='ltr'>explicationum</span> <span class='ocrx_word' id='word_1_119' title='bbox 936 1385 1074 1443; x_wconf 89' lang='lat' dir='ltr'>ubertate</span> <span class='ocrx_word' id='word_1_120' title='bbox 1092 1384 1154 1461; x_wconf 92' lang='lat' dir='ltr'>illa,</span> <span class='ocrx_word' id='word_1_121' title='bbox 1173 1385 1245 1442; x_wconf 89' lang='lat' dir='ltr'>haec</span> <span class='ocrx_word' id='word_1_122' title='bbox 1264 1383 1375 1444; x_wconf 88' lang='lat' dir='ltr'>ordinis</span> 
     </span>
     <span class='ocr_line' id='line_1_15' title="bbox 199 1476 605 1552; baseline 0.005 -19"><span class='ocrx_word' id='word_1_123' title='bbox 199 1476 375 1552; x_wconf 88' lang='lat' dir='ltr'>integritate</span> <span class='ocrx_word' id='word_1_124' title='bbox 396 1476 605 1552; x_wconf 85' lang='lat' dir='ltr'>praestantior.</span> 
     </span>
    </p>

    <p class='ocr_par' dir='ltr' id='par_1_6' title="bbox 190 1553 1376 2272">
     <span class='ocr_line' id='line_1_16' title="bbox 291 1553 1373 1642; baseline -0.004 -18"><span class='ocrx_word' id='word_1_125' title='bbox 291 1564 512 1624; x_wconf 84' lang='lat' dir='ltr'>Conlectionem</span> <span class='ocrx_word' id='word_1_126' title='bbox 540 1564 666 1639; x_wconf 91' lang='lat' dir='ltr'>deniqne</span> <span class='ocrx_word' id='word_1_127' title='bbox 685 1553 1023 1642; x_wconf 75' lang='lat' dir='ltr'>Ps-Diogenianeam3)</span> <span class='ocrx_word' id='word_1_128' title='bbox 1053 1561 1180 1620; x_wconf 90' lang='lat' dir='ltr'>Zenobio</span> <span class='ocrx_word' id='word_1_129' title='bbox 1209 1561 1373 1620; x_wconf 88' lang='lat' dir='ltr'>Bodleiano</span> 
     </span>
     <span class='ocr_line' id='line_1_17' title="bbox 203 1650 1375 1728; baseline -0.004 -15"><span class='ocrx_word' id='word_1_130' title='bbox 203 1654 386 1713; x_wconf 86' lang='lat' dir='ltr'>simillimam</span> <span class='ocrx_word' id='word_1_131' title='bbox 402 1655 454 1712; x_wconf 89' lang='lat' dir='ltr'>sed</span> <span class='ocrx_word' id='word_1_132' title='bbox 468 1655 562 1714; x_wconf 89' lang='lat' dir='ltr'>multo</span> <span class='ocrx_word' id='word_1_133' title='bbox 574 1654 762 1728; x_wconf 88' lang='lat' dir='ltr'>deteriorem,</span> <span class='ocrx_word' id='word_1_134' title='bbox 777 1652 961 1712; x_wconf 89' lang='lat' dir='ltr'>celeberrimi</span> <span class='ocrx_word' id='word_1_135' title='bbox 974 1651 1056 1710; x_wconf 88' lang='lat' dir='ltr'>illius</span> <span class='ocrx_word' id='word_1_136' title='bbox 1070 1650 1258 1727; x_wconf 86' lang='lat' dir='ltr'>grammatici</span> <span class='ocrx_word' id='word_1_137' title='bbox 1267 1670 1375 1709; x_wconf 89' lang='lat' dir='ltr'>nomen</span> 
     </span>
     <span class='ocr_line' id='line_1_18' title="bbox 190 1740 1375 1819; baseline -0.002 -19"><span class='ocrx_word' id='word_1_138' title='bbox 190 1743 312 1802; x_wconf 78' lang='lat' dir='ltr'>‘iniuria</span> <span class='ocrx_word' id='word_1_139' title='bbox 336 1761 408 1819; x_wconf 90' lang='lat' dir='ltr'>prae</span> <span class='ocrx_word' id='word_1_140' title='bbox 432 1762 463 1802; x_wconf 91' lang='lat' dir='ltr'>se</span> <span class='ocrx_word' id='word_1_141' title='bbox 487 1743 566 1800; x_wconf 88' lang='lat' dir='ltr'>ferre</span> <span class='ocrx_word' id='word_1_142' title='bbox 585 1742 783 1819; x_wconf 86' lang='lat' dir='ltr'>Jungblutins</span> <span class='ocrx_word' id='word_1_143' title='bbox 801 1743 821 1801; x_wconf 89' lang='lat' dir='ltr'>l.</span> <span class='ocrx_word' id='word_1_144' title='bbox 838 1760 860 1802; x_wconf 84' lang='lat' dir='ltr'>s,</span> <span class='ocrx_word' id='word_1_145' title='bbox 875 1761 898 1802; x_wconf 92' lang='lat' dir='ltr'>s.</span> <span class='ocrx_word' id='word_1_146' title='bbox 917 1759 984 1818; x_wconf 88' lang='lat' dir='ltr'>pag.</span> <span class='ocrx_word' id='word_1_147' title='bbox 1002 1744 1040 1800; x_wconf 84' lang='lat'>17</span> <span class='ocrx_word' id='word_1_148' title='bbox 1053 1759 1117 1817; x_wconf 89' lang='lat' dir='ltr'>sqq.</span> <span class='ocrx_word' id='word_1_149' title='bbox 1140 1740 1308 1798; x_wconf 90' lang='lat' dir='ltr'>luculenter</span> <span class='ocrx_word' id='word_1_150' title='bbox 1327 1740 1375 1798; x_wconf 89' lang='lat' dir='ltr'>de-</span> 
     </span>
     <span class='ocr_line' id='line_1_19' title="bbox 201 1823 1375 1912; baseline -0.003 -22"><span class='ocrx_word' id='word_1_151' title='bbox 201 1823 428 1912; x_wconf 76' lang='lat' dir='ltr'>monstravit⁴);</span> <span class='ocrx_word' id='word_1_152' title='bbox 452 1831 606 1907; x_wconf 92' lang='lat' dir='ltr'>proprium</span> <span class='ocrx_word' id='word_1_153' title='bbox 626 1832 683 1890; x_wconf 90' lang='lat' dir='ltr'>sibi</span> <span class='ocrx_word' id='word_1_154' title='bbox 706 1832 797 1890; x_wconf 91' lang='lat' dir='ltr'>habet</span> <span class='ocrx_word' id='word_1_155' title='bbox 816 1834 847 1890; x_wconf 89' lang='lat' dir='ltr'>et</span> <span class='ocrx_word' id='word_1_156' title='bbox 864 1850 1007 1909; x_wconf 91' lang='lat' dir='ltr'>magnum</span> <span class='ocrx_word' id='word_1_157' title='bbox 1026 1830 1201 1888; x_wconf 88' lang='lat' dir='ltr'>lemmatum</span> <span class='ocrx_word' id='word_1_158' title='bbox 1218 1847 1375 1888; x_wconf 90' lang='lat' dir='ltr'>numerum</span> 
     </span>
     <span class='ocr_line' id='line_1_20' title="bbox 202 1913 1376 2002; baseline -0.003 -24"><span class='ocrx_word' id='word_1_159' title='bbox 202 1913 339 2002; x_wconf 83' lang='lat' dir='ltr'>(quintae</span> <span class='ocrx_word' id='word_1_160' title='bbox 362 1920 551 1995; x_wconf 90' lang='lat' dir='ltr'>potissimum</span> <span class='ocrx_word' id='word_1_161' title='bbox 575 1915 714 1999; x_wconf 84' lang='lat' dir='ltr'>conlect.)</span> <span class='ocrx_word' id='word_1_162' title='bbox 739 1921 794 1979; x_wconf 88' lang='lat' dir='ltr'>sub</span> <span class='ocrx_word' id='word_1_163' title='bbox 820 1919 927 1996; x_wconf 89' lang='lat' dir='ltr'>quibus</span> <span class='ocrx_word' id='word_1_164' title='bbox 955 1921 1042 1996; x_wconf 90' lang='lat' dir='ltr'>plura</span> <span class='ocrx_word' id='word_1_165' title='bbox 1065 1919 1286 1994; x_wconf 90' lang='lat' dir='ltr'>coniunguntur</span> <span class='ocrx_word' id='word_1_166' title='bbox 1309 1937 1376 1992; x_wconf 88' lang='lat' dir='ltr'>pro-</span> 
     </span>
     <span class='ocr_line' id='line_1_21' title="bbox 200 2009 1376 2086; baseline -0.003 -18"><span class='ocrx_word' id='word_1_167' title='bbox 200 2010 302 2069; x_wconf 87' lang='lat' dir='ltr'>verbia</span> <span class='ocrx_word' id='word_1_168' title='bbox 331 2010 451 2068; x_wconf 87' lang='lat' dir='ltr'>easdem</span> <span class='ocrx_word' id='word_1_169' title='bbox 479 2009 642 2068; x_wconf 89' lang='lat' dir='ltr'>sententias</span> <span class='ocrx_word' id='word_1_170' title='bbox 670 2009 876 2086; x_wconf 68' lang='lat' dir='ltr'>inlustranda,</span> <span class='ocrx_word' id='word_1_171' title='bbox 905 2013 936 2068; x_wconf 94' lang='lat' dir='ltr'>et</span> <span class='ocrx_word' id='word_1_172' title='bbox 967 2009 1195 2085; x_wconf 85' lang='lat' dir='ltr'>proverbiorum</span> <span class='ocrx_word' id='word_1_173' title='bbox 1229 2009 1376 2082; x_wconf 90' lang='lat' dir='ltr'>quaedam</span> 
     </span>
     <span class='ocr_line' id='line_1_22' title="bbox 201 2089 1374 2174; baseline -0.002 -18"><span class='ocrx_word' id='word_1_174' title='bbox 201 2099 322 2174; x_wconf 85' lang='lat' dir='ltr'>agmina</span> <span class='ocrx_word' id='word_1_175' title='bbox 346 2099 378 2155; x_wconf 91' lang='lat' dir='ltr'>in</span> <span class='ocrx_word' id='word_1_176' title='bbox 400 2098 459 2156; x_wconf 88' lang='lat' dir='ltr'>fine</span> <span class='ocrx_word' id='word_1_177' title='bbox 488 2099 675 2174; x_wconf 86' lang='lat' dir='ltr'>singularum</span> <span class='ocrx_word' id='word_1_178' title='bbox 702 2099 873 2158; x_wconf 89' lang='lat' dir='ltr'>litterarum</span> <span class='ocrx_word' id='word_1_179' title='bbox 901 2117 919 2157; x_wconf 87' lang='lat' dir='ltr'>a</span> <span class='ocrx_word' id='word_1_180' title='bbox 947 2097 1053 2157; x_wconf 88' lang='lat' dir='ltr'>ceteris</span> <span class='ocrx_word' id='word_1_181' title='bbox 1077 2095 1198 2155; x_wconf 85' lang='lat' dir='ltr'>Zenobii</span> <span class='ocrx_word' id='word_1_182' title='bbox 1219 2089 1374 2156; x_wconf 78' lang='lat' dir='ltr'>&#39;codicibus</span> 
     </span>
     <span class='ocr_line' id='line_1_23' title="bbox 202 2188 741 2272; baseline 0.002 -26"><span class='ocrx_word' id='word_1_183' title='bbox 202 2189 325 2264; x_wconf 89' lang='lat' dir='ltr'>omissa,</span> <span class='ocrx_word' id='word_1_184' title='bbox 346 2188 509 2272; x_wconf 86' lang='lat' dir='ltr'>dequibus</span> <span class='ocrx_word' id='word_1_185' title='bbox 528 2188 606 2246; x_wconf 83' lang='lat' dir='ltr'>intra</span> <span class='ocrx_word' id='word_1_186' title='bbox 625 2191 741 2264; x_wconf 88' lang='lat' dir='ltr'>agetur.</span> 
     </span>
    </p>
   </div>
   <div class='ocr_carea' id='block_1_5' title="bbox 203 2391 1378 2566">
    <p class='ocr_par' dir='ltr' id='par_1_7' title="bbox 203 2391 1378 2566">
     <span class='ocr_line' id='line_1_24' title="bbox 203 2391 1378 2480; baseline -0.002 -22"><span class='ocrx_word' id='word_1_187' title='bbox 203 2394 274 2480; x_wconf 72' lang='lat'>§2</span> <span class='ocrx_word' id='word_1_188' title='bbox 308 2394 628 2478; x_wconf 82' lang='lat' dir='ltr'>Paroemiographi</span> <span class='ocrx_word' id='word_1_189' title='bbox 651 2393 843 2476; x_wconf 81' lang='lat' dir='ltr'>Byzantini</span> <span class='ocrx_word' id='word_1_190' title='bbox 866 2409 912 2458; x_wconf 88' lang='lat' dir='ltr'>ex</span> <span class='ocrx_word' id='word_1_191' title='bbox 940 2391 1121 2458; x_wconf 81' lang='lat' dir='ltr'>codicibus</span> <span class='ocrx_word' id='word_1_192' title='bbox 1140 2391 1378 2458; x_wconf 82' lang='lat' dir='ltr'>Pseudo-llio·</span> 
     </span>
     <span class='ocr_line' id='line_1_25' title="bbox 586 2480 993 2566; baseline 0.002 -19"><span class='ocrx_word' id='word_1_193' title='bbox 586 2484 767 2563; x_wconf 83' lang='lat' dir='ltr'>genianeis</span> <span class='ocrx_word' id='word_1_194' title='bbox 790 2480 993 2566; x_wconf 81' lang='lat' dir='ltr'>pendentes</span> 
     </span>
    </p>
   </div>
   <div class='ocr_carea' id='block_1_6' title="bbox 202 2629 1378 3785">
    <p class='ocr_par' dir='ltr' id='par_1_8' title="bbox 202 2629 1378 3785">
     <span class='ocr_line' id='line_1_26' title="bbox 295 2629 1377 2709; baseline -0.002 -19"><span class='ocrx_word' id='word_1_195' title='bbox 295 2632 447 2690; x_wconf 87' lang='lat' dir='ltr'>Hactenus</span> <span class='ocrx_word' id='word_1_196' title='bbox 467 2633 565 2692; x_wconf 88' lang='lat' dir='ltr'>adhuc</span> <span class='ocrx_word' id='word_1_197' title='bbox 578 2651 739 2709; x_wconf 88' lang='lat' dir='ltr'>progressa</span> <span class='ocrx_word' id='word_1_198' title='bbox 753 2634 824 2690; x_wconf 89' lang='lat' dir='ltr'>sunt</span> <span class='ocrx_word' id='word_1_199' title='bbox 838 2629 936 2689; x_wconf 90' lang='lat' dir='ltr'>studia</span> <span class='ocrx_word' id='word_1_200' title='bbox 949 2629 1252 2705; x_wconf 85' lang='lat' dir='ltr'>paroemiographioa.</span> <span class='ocrx_word' id='word_1_201' title='bbox 1271 2629 1377 2706; x_wconf 88' lang='lat' dir='ltr'>Itaque</span> 
     </span>
     <span class='ocr_line' id='line_1_27' title="bbox 204 2718 1377 2799; baseline -0.003 -20"><span class='ocrx_word' id='word_1_202' title='bbox 204 2721 312 2798; x_wconf 89' lang='lat' dir='ltr'>reliqui</span> <span class='ocrx_word' id='word_1_203' title='bbox 335 2721 596 2799; x_wconf 88' lang='lat' dir='ltr'>paroemiographi</span> <span class='ocrx_word' id='word_1_204' title='bbox 622 2741 640 2780; x_wconf 90' lang='lat' dir='ltr'>a</span> <span class='ocrx_word' id='word_1_205' title='bbox 665 2719 912 2796; x_wconf 86' lang='lat' dir='ltr'>Gottingensibus</span> <span class='ocrx_word' id='word_1_206' title='bbox 942 2719 1015 2778; x_wconf 90' lang='lat' dir='ltr'>editi</span> <span class='ocrx_word' id='word_1_207' title='bbox 1043 2718 1206 2778; x_wconf 88' lang='lat' dir='ltr'>Vaticanus</span> <span class='ocrx_word' id='word_1_208' title='bbox 1230 2719 1377 2792; x_wconf 89' lang='lat' dir='ltr'>Krameri,</span> 
     </span>
     <span class='ocr_line' id='line_1_28' title="bbox 205 2807 1376 2888; baseline -0.002 -20"><span class='ocrx_word' id='word_1_209' title='bbox 205 2810 368 2886; x_wconf 85' lang='lat' dir='ltr'>Gregorius</span> <span class='ocrx_word' id='word_1_210' title='bbox 385 2809 523 2888; x_wconf 79' lang='lat' dir='ltr'>Cyprius,</span> <span class='ocrx_word' id='word_1_211' title='bbox 538 2810 717 2886; x_wconf 89' lang='lat' dir='ltr'>Diogeniani</span> <span class='ocrx_word' id='word_1_212' title='bbox 731 2809 859 2885; x_wconf 91' lang='lat' dir='ltr'>epitome</span> <span class='ocrx_word' id='word_1_213' title='bbox 869 2807 1006 2885; x_wconf 82' lang='lat' dir='ltr'>Vindob,</span> <span class='ocrx_word' id='word_1_214' title='bbox 1023 2808 1178 2884; x_wconf 82' lang='lat' dir='ltr'>Macarius,</span> <span class='ocrx_word' id='word_1_215' title='bbox 1191 2808 1376 2885; x_wconf 84' lang='lat' dir='ltr'>Apostolius,</span> 
     </span>
     <span class='ocr_line' id='line_1_29' title="bbox 203 2896 1375 2975; baseline -0.001 -19"><span class='ocrx_word' id='word_1_216' title='bbox 203 2901 239 2958; x_wconf 89' lang='lat' dir='ltr'>dc</span> <span class='ocrx_word' id='word_1_217' title='bbox 258 2899 367 2974; x_wconf 88' lang='lat' dir='ltr'>quibus</span> <span class='ocrx_word' id='word_1_218' title='bbox 386 2918 481 2975; x_wconf 90' lang='lat' dir='ltr'>neque</span> <span class='ocrx_word' id='word_1_219' title='bbox 501 2899 552 2958; x_wconf 89' lang='lat' dir='ltr'>alii</span> <span class='ocrx_word' id='word_1_220' title='bbox 573 2920 619 2962; x_wconf 92' lang='lat' dir='ltr'>vv.</span> <span class='ocrx_word' id='word_1_221' title='bbox 638 2901 685 2959; x_wconf 92' lang='lat' dir='ltr'>dd.</span> <span class='ocrx_word' id='word_1_222' title='bbox 704 2899 801 2958; x_wconf 85' lang='lat' dir='ltr'>fusius</span> <span class='ocrx_word' id='word_1_223' title='bbox 817 2898 1031 2972; x_wconf 87' lang='lat' dir='ltr'>disseruerunt,</span> <span class='ocrx_word' id='word_1_224' title='bbox 1050 2915 1145 2972; x_wconf 91' lang='lat' dir='ltr'>neque</span> <span class='ocrx_word' id='word_1_225' title='bbox 1160 2896 1285 2958; x_wconf 84' lang='lat' dir='ltr'>Crusius</span> <span class='ocrx_word' id='word_1_226' title='bbox 1304 2898 1375 2974; x_wconf 86' lang='lat' dir='ltr'>egit,</span> 
     </span>
     <span class='ocr_line' id='line_1_30' title="bbox 206 2986 1377 3065; baseline -0.002 -20"><span class='ocrx_word' id='word_1_227' title='bbox 206 2988 264 3046; x_wconf 91' lang='lat' dir='ltr'>nisi</span> <span class='ocrx_word' id='word_1_228' title='bbox 287 2989 317 3046; x_wconf 91' lang='lat' dir='ltr'>in</span> <span class='ocrx_word' id='word_1_229' title='bbox 342 2993 516 3047; x_wconf 85' lang='lat' dir='ltr'>transcursu</span> <span class='ocrx_word' id='word_1_230' title='bbox 535 3009 564 3064; x_wconf 91' lang='lat' dir='ltr'>p.</span> <span class='ocrx_word' id='word_1_231' title='bbox 580 2991 620 3049; x_wconf 85' lang='lat'>39</span> <span class='ocrx_word' id='word_1_232' title='bbox 633 3008 695 3065; x_wconf 90' lang='lat' dir='ltr'>sqq.</span> <span class='ocrx_word' id='word_1_233' title='bbox 715 2987 794 3046; x_wconf 87' lang='lat' dir='ltr'>haud</span> <span class='ocrx_word' id='word_1_234' title='bbox 813 2986 929 3062; x_wconf 86' lang='lat' dir='ltr'>indigni</span> <span class='ocrx_word' id='word_1_235' title='bbox 948 2987 1021 3044; x_wconf 89' lang='lat' dir='ltr'>mibi</span> <span class='ocrx_word' id='word_1_236' title='bbox 1039 2987 1227 3062; x_wconf 87' lang='lat' dir='ltr'>videbantur,</span> <span class='ocrx_word' id='word_1_237' title='bbox 1251 3005 1377 3062; x_wconf 89' lang='lat' dir='ltr'>quorum</span> 
     </span>
     <span class='ocr_line' id='line_1_31' title="bbox 202 3075 1376 3154; baseline 0 -20"><span class='ocrx_word' id='word_1_238' title='bbox 202 3078 232 3134; x_wconf 91' lang='lat' dir='ltr'>in</span> <span class='ocrx_word' id='word_1_239' title='bbox 245 3077 344 3152; x_wconf 87' lang='lat' dir='ltr'>copias</span> <span class='ocrx_word' id='word_1_240' title='bbox 359 3078 450 3136; x_wconf 90' lang='lat' dir='ltr'>altius</span> <span class='ocrx_word' id='word_1_241' title='bbox 464 3077 655 3154; x_wconf 91' lang='lat' dir='ltr'>inquirerem.</span> <span class='ocrx_word' id='word_1_242' title='bbox 675 3076 750 3136; x_wconf 88' lang='lat' dir='ltr'>Cum</span> <span class='ocrx_word' id='word_1_243' title='bbox 764 3096 834 3137; x_wconf 89' lang='lat' dir='ltr'>vero</span> <span class='ocrx_word' id='word_1_244' title='bbox 845 3076 1053 3152; x_wconf 86' lang='lat' dir='ltr'>multoplures</span> <span class='ocrx_word' id='word_1_245' title='bbox 1068 3075 1129 3134; x_wconf 89' lang='lat' dir='ltr'>sint</span> <span class='ocrx_word' id='word_1_246' title='bbox 1138 3077 1327 3150; x_wconf 85' lang='lat' dir='ltr'>quaestiones</span> <span class='ocrx_word' id='word_1_247' title='bbox 1339 3076 1376 3134; x_wconf 93' lang='lat' dir='ltr'>ab</span> 
     </span>
     <span class='ocr_line' id='line_1_32' title="bbox 202 3164 1376 3242; baseline 0 -20"><span class='ocrx_word' id='word_1_248' title='bbox 202 3166 263 3225; x_wconf 91' lang='lat' dir='ltr'>illis</span> <span class='ocrx_word' id='word_1_249' title='bbox 282 3165 424 3225; x_wconf 89' lang='lat' dir='ltr'>oriundae</span> <span class='ocrx_word' id='word_1_250' title='bbox 440 3170 471 3225; x_wconf 89' lang='lat' dir='ltr'>et</span> <span class='ocrx_word' id='word_1_251' title='bbox 485 3166 675 3241; x_wconf 87' lang='lat' dir='ltr'>difficiliores,</span> <span class='ocrx_word' id='word_1_252' title='bbox 693 3185 783 3242; x_wconf 90' lang='lat' dir='ltr'>quam</span> <span class='ocrx_word' id='word_1_253' title='bbox 798 3184 873 3241; x_wconf 87' lang='lat' dir='ltr'>quac</span> <span class='ocrx_word' id='word_1_254' title='bbox 889 3166 945 3224; x_wconf 90' lang='lat' dir='ltr'>hac</span> <span class='ocrx_word' id='word_1_255' title='bbox 959 3164 1162 3240; x_wconf 89' lang='lat' dir='ltr'>disputatione</span> <span class='ocrx_word' id='word_1_256' title='bbox 1178 3164 1295 3240; x_wconf 88' lang='lat' dir='ltr'>possint</span> <span class='ocrx_word' id='word_1_257' title='bbox 1309 3182 1376 3222; x_wconf 88' lang='lat' dir='ltr'>con—</span> 
     </span>
     <span class='ocr_line' id='line_1_33' title="bbox 202 3251 1377 3332; baseline -0.001 -20"><span class='ocrx_word' id='word_1_258' title='bbox 202 3254 258 3330; x_wconf 89' lang='lat' dir='ltr'>fici,</span> <span class='ocrx_word' id='word_1_259' title='bbox 278 3255 333 3314; x_wconf 91' lang='lat' dir='ltr'>hoc</span> <span class='ocrx_word' id='word_1_260' title='bbox 347 3274 439 3313; x_wconf 90' lang='lat' dir='ltr'>unum</span> <span class='ocrx_word' id='word_1_261' title='bbox 454 3256 528 3313; x_wconf 91' lang='lat' dir='ltr'>mihi</span> <span class='ocrx_word' id='word_1_262' title='bbox 546 3256 695 3332; x_wconf 90' lang='lat' dir='ltr'>proposui,</span> <span class='ocrx_word' id='word_1_263' title='bbox 714 3258 749 3313; x_wconf 92' lang='lat' dir='ltr'>ut</span> <span class='ocrx_word' id='word_1_264' title='bbox 763 3273 822 3330; x_wconf 88' lang='lat' dir='ltr'>qua</span> <span class='ocrx_word' id='word_1_265' title='bbox 841 3254 1027 3330; x_wconf 88' lang='lat' dir='ltr'>cognationis</span> <span class='ocrx_word' id='word_1_266' title='bbox 1045 3253 1160 3312; x_wconf 88' lang='lat' dir='ltr'>ratione</span> <span class='ocrx_word' id='word_1_267' title='bbox 1175 3251 1241 3313; x_wconf 85' lang='lat' dir='ltr'>cum</span> <span class='ocrx_word' id='word_1_268' title='bbox 1256 3253 1377 3313; x_wconf 87' lang='lat' dir='ltr'>Zenobii</span> 
     </span>
     <span class='ocr_line' id='line_1_34' title="bbox 204 3341 1377 3420; baseline -0.001 -18"><span class='ocrx_word' id='word_1_269' title='bbox 204 3343 353 3402; x_wconf 89' lang='lat' dir='ltr'>codicibus</span> <span class='ocrx_word' id='word_1_270' title='bbox 373 3345 576 3420; x_wconf 88' lang='lat' dir='ltr'>cohaererent,</span> <span class='ocrx_word' id='word_1_271' title='bbox 594 3364 682 3420; x_wconf 92' lang='lat' dir='ltr'>quarn</span> <span class='ocrx_word' id='word_1_272' title='bbox 703 3343 929 3404; x_wconf 88' lang='lat' dir='ltr'>adcuratissime</span> <span class='ocrx_word' id='word_1_273' title='bbox 949 3341 1170 3418; x_wconf 86' lang='lat' dir='ltr'>investigarem.</span> <span class='ocrx_word' id='word_1_274' title='bbox 1198 3341 1284 3401; x_wconf 92' lang='lat' dir='ltr'>Hanc</span> <span class='ocrx_word' id='word_1_275' title='bbox 1298 3343 1377 3401; x_wconf 90' lang='lat' dir='ltr'>enim</span> 
     </span>
     <span class='ocr_line' id='line_1_35' title="bbox 203 3431 1377 3510; baseline -0.002 -20"><span class='ocrx_word' id='word_1_276' title='bbox 203 3432 407 3507; x_wconf 90' lang='lat' dir='ltr'>quaestionem</span> <span class='ocrx_word' id='word_1_277' title='bbox 422 3434 460 3492; x_wconf 89' lang='lat' dir='ltr'>ad</span> <span class='ocrx_word' id='word_1_278' title='bbox 471 3452 625 3502; x_wconf 84' lang='lat' dir='ltr'>commune</span> <span class='ocrx_word' id='word_1_279' title='bbox 639 3434 720 3493; x_wconf 92' lang='lat' dir='ltr'>codd.</span> <span class='ocrx_word' id='word_1_280' title='bbox 731 3433 839 3492; x_wconf 90' lang='lat' dir='ltr'>Zenob.</span> <span class='ocrx_word' id='word_1_281' title='bbox 850 3433 1033 3510; x_wconf 83' lang='lat' dir='ltr'>archetypon</span> <span class='ocrx_word' id='word_1_282' title='bbox 1046 3431 1265 3490; x_wconf 90' lang='lat' dir='ltr'>restituendum</span> <span class='ocrx_word' id='word_1_283' title='bbox 1274 3432 1377 3507; x_wconf 90' lang='lat' dir='ltr'>magni</span> 
     </span>
     <span class='ocr_line' id='line_1_36' title="bbox 204 3521 1377 3596; baseline -0.001 -17"><span class='ocrx_word' id='word_1_284' title='bbox 204 3540 269 3580; x_wconf 89' lang='lat' dir='ltr'>esse</span> <span class='ocrx_word' id='word_1_285' title='bbox 288 3523 432 3580; x_wconf 88' lang='lat' dir='ltr'>momenti</span> <span class='ocrx_word' id='word_1_286' title='bbox 451 3523 531 3581; x_wconf 90' lang='lat' dir='ltr'>haud</span> <span class='ocrx_word' id='word_1_287' title='bbox 550 3522 670 3581; x_wconf 80' lang='lat' dir='ltr'>difficile</span> <span class='ocrx_word' id='word_1_288' title='bbox 690 3525 736 3581; x_wconf 91' lang='lat' dir='ltr'>est</span> <span class='ocrx_word' id='word_1_289' title='bbox 753 3523 918 3581; x_wconf 90' lang='lat' dir='ltr'>intellectu.</span> <span class='ocrx_word' id='word_1_290' title='bbox 955 3521 1020 3592; x_wconf 81' lang='lat' dir='ltr'>Qua</span> <span class='ocrx_word' id='word_1_291' title='bbox 1034 3522 1065 3578; x_wconf 92' lang='lat' dir='ltr'>in</span> <span class='ocrx_word' id='word_1_292' title='bbox 1079 3539 1110 3578; x_wconf 89' lang='lat' dir='ltr'>re</span> <span class='ocrx_word' id='word_1_293' title='bbox 1125 3521 1306 3596; x_wconf 88' lang='lat' dir='ltr'>exploranda</span> <span class='ocrx_word' id='word_1_294' title='bbox 1320 3521 1377 3596; x_wconf 90' lang='lat' dir='ltr'>pri-</span> 
     </span>
     <span class='ocr_line' id='line_1_37' title="bbox 204 3609 1378 3686; baseline -0.001 -19"><span class='ocrx_word' id='word_1_295' title='bbox 204 3629 282 3668; x_wconf 87' lang='lat' dir='ltr'>mam</span> <span class='ocrx_word' id='word_1_296' title='bbox 307 3610 381 3668; x_wconf 90' lang='lat' dir='ltr'>mibi</span> <span class='ocrx_word' id='word_1_297' title='bbox 399 3611 482 3670; x_wconf 89' lang='lat' dir='ltr'>dedit</span> <span class='ocrx_word' id='word_1_298' title='bbox 501 3629 612 3684; x_wconf 86' lang='lat' dir='ltr'>ansam,</span> <span class='ocrx_word' id='word_1_299' title='bbox 634 3612 712 3686; x_wconf 89' lang='lat' dir='ltr'>quod</span> <span class='ocrx_word' id='word_1_300' title='bbox 730 3611 761 3669; x_wconf 92' lang='lat' dir='ltr'>in</span> <span class='ocrx_word' id='word_1_301' title='bbox 776 3611 912 3670; x_wconf 90' lang='lat' dir='ltr'>omnibus</span> <span class='ocrx_word' id='word_1_302' title='bbox 928 3610 1010 3669; x_wconf 91' lang='lat' dir='ltr'>codd.</span> <span class='ocrx_word' id='word_1_303' title='bbox 1031 3629 1122 3685; x_wconf 91' lang='lat' dir='ltr'>snpra</span> <span class='ocrx_word' id='word_1_304' title='bbox 1139 3609 1249 3671; x_wconf 86' lang='lat' dir='ltr'>adlatis</span> <span class='ocrx_word' id='word_1_305' title='bbox 1264 3611 1378 3668; x_wconf 86' lang='lat' dir='ltr'>multa</span> 
     </span>
     <span class='ocr_line' id='line_1_38' title="bbox 204 3698 1376 3785; baseline -0.003 -28"><span class='ocrx_word' id='word_1_306' title='bbox 204 3702 349 3757; x_wconf 83' lang='lat' dir='ltr'>exstant</span> <span class='ocrx_word' id='word_1_307' title='bbox 368 3701 574 3785; x_wconf 83' lang='lat' dir='ltr'>prqverbia,</span> <span class='ocrx_word' id='word_1_308' title='bbox 594 3719 612 3758; x_wconf 96' lang='grc'>6</span> <span class='ocrx_word' id='word_1_309' title='bbox 630 3699 657 3757; x_wconf 91' lang='lat' dir='ltr'>D</span> <span class='ocrx_word' id='word_1_310' title='bbox 673 3701 749 3759; x_wconf 88' lang='lat' dir='ltr'>solo</span> <span class='ocrx_word' id='word_1_311' title='bbox 768 3701 804 3758; x_wconf 88' lang='lat' dir='ltr'>in</span> <span class='ocrx_word' id='word_1_312' title='bbox 823 3701 897 3758; x_wconf 86' lang='lat' dir='ltr'>fine</span> <span class='ocrx_word' id='word_1_313' title='bbox 919 3701 1147 3776; x_wconf 88' lang='lat' dir='ltr'>singularum</span> <span class='ocrx_word' id='word_1_314' title='bbox 1166 3698 1376 3757; x_wconf 90' lang='lat' dir='ltr'>litterarum</span> 
     </span>
    </p>
   </div>
   <div class='ocr_carea' id='block_1_7' title="bbox 204 3779 1376 3870">
    <p class='ocr_par' dir='ltr' id='par_1_9' title="bbox 204 3779 1376 3870">
     <span class='ocr_line' id='line_1_39' title="bbox 204 3779 1376 3870; baseline -0.001 -25"><span class='ocrx_word' id='word_1_315' title='bbox 204 3792 349 3848; x_wconf 88' lang='lat' dir='ltr'>servata</span> <span class='ocrx_word' id='word_1_316' title='bbox 367 3779 419 3870; x_wconf 88' lang='lat' dir='ltr'>(cf.</span> <span class='ocrx_word' id='word_1_317' title='bbox 436 3790 554 3848; x_wconf 89' lang='lat' dir='ltr'>tabulas</span> <span class='ocrx_word' id='word_1_318' title='bbox 576 3789 713 3851; x_wconf 84' lang='lat' dir='ltr'>Warnlrr.</span> <span class='ocrx_word' id='word_1_319' title='bbox 732 3791 750 3849; x_wconf 90' lang='lat' dir='ltr'>l.</span> <span class='ocrx_word' id='word_1_320' title='bbox 767 3809 788 3850; x_wconf 84' lang='grc'>6.</span> <span class='ocrx_word' id='word_1_321' title='bbox 804 3809 827 3850; x_wconf 89' lang='lat' dir='ltr'>s.</span> <span class='ocrx_word' id='word_1_322' title='bbox 845 3809 874 3864; x_wconf 94' lang='lat' dir='ltr'>p.</span> <span class='ocrx_word' id='word_1_323' title='bbox 889 3791 941 3865; x_wconf 90' lang='lat'>22,</span> <span class='ocrx_word' id='word_1_324' title='bbox 961 3787 1044 3848; x_wconf 83' lang='lat' dir='ltr'>Orus.</span> <span class='ocrx_word' id='word_1_325' title='bbox 1064 3807 1092 3862; x_wconf 91' lang='lat' dir='ltr'>p.</span> <span class='ocrx_word' id='word_1_326' title='bbox 1109 3780 1174 3868; x_wconf 79' lang='lat'>24).</span> <span class='ocrx_word' id='word_1_327' title='bbox 1203 3787 1248 3844; x_wconf 80' lang='grc'>116</span> <span class='ocrx_word' id='word_1_328' title='bbox 1267 3789 1376 3846; x_wconf 91' lang='lat' dir='ltr'>babes:</span> 
     </span>
    </p>
   </div>
   <div class='ocr_carea' id='block_1_8' title="bbox 205 3973 1376 4400">
    <p class='ocr_par' dir='ltr' id='par_1_10' title="bbox 205 3973 1376 4117">
     <span class='ocr_line' id='line_1_40' title="bbox 277 3973 1376 4046; baseline -0.001 -19"><span class='ocrx_word' id='word_1_329' title='bbox 277 3977 302 4044; x_wconf 93' lang='lat'>1)</span> <span class='ocrx_word' id='word_1_330' title='bbox 322 3975 363 4028; x_wconf 91' lang='lat' dir='ltr'>ed.</span> <span class='ocrx_word' id='word_1_331' title='bbox 394 3974 536 4030; x_wconf 85' lang='lat' dir='ltr'>Gaistord:</span> <span class='ocrx_word' id='word_1_332' title='bbox 570 3975 819 4046; x_wconf 83' lang='lat' dir='ltr'>Paroemiographi</span> <span class='ocrx_word' id='word_1_333' title='bbox 846 3974 946 4030; x_wconf 84' lang='lat' dir='ltr'>Graeci</span> <span class='ocrx_word' id='word_1_334' title='bbox 969 3973 1069 4029; x_wconf 86' lang='lat' dir='ltr'>Oxonii</span> <span class='ocrx_word' id='word_1_335' title='bbox 1089 3979 1157 4028; x_wconf 87' lang='grc'><strong>1836</strong></span> <span class='ocrx_word' id='word_1_336' title='bbox 1184 3993 1211 4043; x_wconf 85' lang='lat' dir='ltr'>p.</span> <span class='ocrx_word' id='word_1_337' title='bbox 1236 3979 1376 4028; x_wconf 74' lang='lat' dir='ltr'>aaa-392</span> 
     </span>
     <span class='ocr_line' id='line_1_41' title="bbox 205 4045 801 4117; baseline 0.005 -18"><span class='ocrx_word' id='word_1_338' title='bbox 205 4045 311 4116; x_wconf 82' lang='lat' dir='ltr'>Corpus</span> <span class='ocrx_word' id='word_1_339' title='bbox 329 4048 455 4101; x_wconf 86' lang='lat' dir='ltr'>Paroem.</span> <span class='ocrx_word' id='word_1_340' title='bbox 475 4047 600 4117; x_wconf 77' lang='lat' dir='ltr'>Gotting.</span> <span class='ocrx_word' id='word_1_341' title='bbox 620 4050 631 4101; x_wconf 92' lang='grc' dir='ltr'>Ι</span> <span class='ocrx_word' id='word_1_342' title='bbox 646 4067 673 4117; x_wconf 91' lang='lat' dir='ltr'>p.</span> <span class='ocrx_word' id='word_1_343' title='bbox 690 4053 801 4102; x_wconf 75' lang='lat'>1-175.</span> 
     </span>
    </p>

    <p class='ocr_par' dir='ltr' id='par_1_11' title="bbox 275 4117 647 4187">
     <span class='ocr_line' id='line_1_42' title="bbox 275 4117 647 4187; baseline 0.005 -17"><span class='ocrx_word' id='word_1_344' title='bbox 275 4123 302 4184; x_wconf 87' lang='lat'>2)</span> <span class='ocrx_word' id='word_1_345' title='bbox 323 4119 364 4171; x_wconf 88' lang='lat' dir='ltr'>ed.</span> <span class='ocrx_word' id='word_1_346' title='bbox 385 4117 472 4174; x_wconf 82' lang='lat' dir='ltr'>Gaist&#39;.</span> <span class='ocrx_word' id='word_1_347' title='bbox 491 4136 518 4187; x_wconf 92' lang='lat' dir='ltr'>p.</span> <span class='ocrx_word' id='word_1_348' title='bbox 535 4125 647 4172; x_wconf 79' lang='lat'>1-120.</span> 
     </span>
    </p>

    <p class='ocr_par' dir='ltr' id='par_1_12' title="bbox 205 4184 1376 4330">
     <span class='ocr_line' id='line_1_43' title="bbox 274 4184 1376 4256; baseline -0.005 -15"><span class='ocrx_word' id='word_1_349' title='bbox 274 4191 302 4256; x_wconf 81' lang='lat'>3)</span> <span class='ocrx_word' id='word_1_350' title='bbox 322 4189 399 4243; x_wconf 86' lang='lat' dir='ltr'>cuius</span> <span class='ocrx_word' id='word_1_351' title='bbox 423 4190 456 4243; x_wconf 92' lang='lat' dir='ltr'>dc</span> <span class='ocrx_word' id='word_1_352' title='bbox 476 4189 617 4244; x_wconf 90' lang='lat' dir='ltr'>codicibus</span> <span class='ocrx_word' id='word_1_353' title='bbox 635 4192 671 4242; x_wconf 89' lang='lat' dir='ltr'>ab</span> <span class='ocrx_word' id='word_1_354' title='bbox 693 4189 847 4242; x_wconf 85' lang='lat' dir='ltr'>editoribus</span> <span class='ocrx_word' id='word_1_355' title='bbox 867 4189 998 4254; x_wconf 83' lang='lat' dir='ltr'>Schotto,</span> <span class='ocrx_word' id='word_1_356' title='bbox 1023 4186 1184 4254; x_wconf 85' lang='lat' dir='ltr'>Gaisiordo,</span> <span class='ocrx_word' id='word_1_357' title='bbox 1209 4184 1376 4252; x_wconf 61' lang='grc'><strong>(161116366-</strong></span> 
     </span>
     <span class='ocr_line' id='line_1_44' title="bbox 205 4256 1260 4330; baseline -0.004 -19"><span class='ocrx_word' id='word_1_358' title='bbox 205 4259 281 4313; x_wconf 86' lang='lat' dir='ltr'>sibus</span> <span class='ocrx_word' id='word_1_359' title='bbox 300 4259 434 4314; x_wconf 88' lang='lat' dir='ltr'>adhibitis</span> <span class='ocrx_word' id='word_1_360' title='bbox 454 4261 517 4316; x_wconf 92' lang='lat' dir='ltr'>vide</span> <span class='ocrx_word' id='word_1_361' title='bbox 537 4261 622 4315; x_wconf 84' lang='lat' dir='ltr'>Gaisl&#39;.</span> <span class='ocrx_word' id='word_1_362' title='bbox 641 4260 729 4330; x_wconf 86' lang='lat' dir='ltr'>praef.</span> <span class='ocrx_word' id='word_1_363' title='bbox 744 4259 820 4328; x_wconf 85' lang='lat' dir='ltr'>Vsq.</span> <span class='ocrx_word' id='word_1_364' title='bbox 841 4258 1013 4312; x_wconf 85' lang='lat' dir='ltr'>Schneidew.</span> <span class='ocrx_word' id='word_1_365' title='bbox 1033 4257 1119 4328; x_wconf 86' lang='lat' dir='ltr'>praef.</span> <span class='ocrx_word' id='word_1_366' title='bbox 1135 4276 1161 4324; x_wconf 89' lang='lat' dir='ltr'>p.</span> <span class='ocrx_word' id='word_1_367' title='bbox 1177 4256 1260 4308; x_wconf 62' lang='lat' dir='ltr'>XXX.</span> 
     </span>
    </p>

    <p class='ocr_par' dir='ltr' id='par_1_13' title="bbox 276 4331 976 4400">
     <span class='ocr_line' id='line_1_45' title="bbox 276 4331 976 4400; baseline -0.001 -17"><span class='ocrx_word' id='word_1_368' title='bbox 276 4333 303 4398; x_wconf 83' lang='lat'>4)</span> <span class='ocrx_word' id='word_1_369' title='bbox 324 4332 357 4387; x_wconf 83' lang='lat' dir='ltr'>cf.</span> <span class='ocrx_word' id='word_1_370' title='bbox 375 4331 499 4386; x_wconf 76' lang='lat' dir='ltr'>Clusium</span> <span class='ocrx_word' id='word_1_371' title='bbox 517 4334 539 4398; x_wconf 81' lang='grc' dir='ltr'>1,Ι</span> <span class='ocrx_word' id='word_1_372' title='bbox 549 4353 569 4386; x_wconf 88' lang='lat' dir='ltr'>s.</span> <span class='ocrx_word' id='word_1_373' title='bbox 585 4351 605 4386; x_wconf 89' lang='lat' dir='ltr'>s.</span> <span class='ocrx_word' id='word_1_374' title='bbox 620 4351 647 4400; x_wconf 88' lang='lat' dir='ltr'>p.</span> <span class='ocrx_word' id='word_1_375' title='bbox 663 4337 696 4384; x_wconf 81' lang='lat'>23</span> <span class='ocrx_word' id='word_1_376' title='bbox 717 4334 746 4385; x_wconf 89' lang='lat' dir='ltr'>et</span> <span class='ocrx_word' id='word_1_377' title='bbox 763 4349 790 4400; x_wconf 88' lang='lat' dir='ltr'>p.</span> <span class='ocrx_word' id='word_1_378' title='bbox 806 4337 858 4383; x_wconf 79' lang='lat'>115</span> <span class='ocrx_word' id='word_1_379' title='bbox 873 4331 935 4384; x_wconf 87' lang='lat' dir='ltr'>adn.</span> <span class='ocrx_word' id='word_1_380' title='bbox 955 4340 976 4383; x_wconf 91' lang='grc'>1.</span> 
     </span>
    </p>
   </div>
   <div class='ocr_carea' id='block_1_9' title="bbox 0 0 1537 4780">
    <p class='ocr_par' dir='ltr' id='par_1_14' title="bbox 0 0 1537 4780">
     <span class='ocr_line' id='line_1_46' title="bbox 0 0 1537 4780; baseline 0 0"><span class='ocrx_word' id='word_1_381' title='bbox 0 0 1537 4780; x_wconf 95' lang='lat' dir='ltr'> </span> 
     </span>
    </p>
   </div>
  </div>
 </body>
</html>
