3050 4780
459 186 640 252 Quaestiones
659 185 995 256 Pseudo-Diogenianeae.
1251 183 1316 249 363

946 347 1111 417 Apostolius

754 456 852 525 γύπτῳ
877 472 939 508 eum
964 452 1051 508 Suida
1085 453 1120 509 ef.
1141 455 1204 507 Zen.
1226 453 1316 508 Β883

754 534 835 589 Laur.
856 533 945 602 1119)
973 536 1011 588 ὼ(
1038 533 1130 602 poete,
1157 533 1316 613 ἀνθρωπςίᾳ

685 682 686 686 ¹
755 621 837 683 φωνῇ
850 615 983 682 ἐχρήεατο
997 616 1041 668 καὶ
1055 615 1114 668 εἶπε
1123 615 1159 668 τὰ
1174 615 1316 681 μέλλοντα.

232 727 446 788 Verumtamen
464 747 535 788 cave
554 749 592 787 ns
610 729 827 790 inconsiderate
846 728 997 788 recensss
1021 747 1056 788 ex
1079 729 1136 806 Ap.
1155 729 1316 790 restituere

143 817 265 878 coneris.
296 817 517 892 Explicationes
534 819 612 876 enim
627 818 650 876 A
655 819 784 894 postolii,
803 837 879 894 quae
893 837 959 876 cum
974 818 1123 878 codicibus
1139 817 1315 877 Zenobianis

144 907 192 966 rel
211 907 485 983 paroemiographis
504 907 677 982 Byzantinis
697 909 777 966 haud
796 910 864 982 apte
884 907 1081 980 consentiunt,
1100 910 1154 965 aut
1171 907 1259 982 plane
1278 907 1316 964 ab

145 995 206 1054 illis
225 998 296 1054 sunt
314 995 450 1066 omissae,
469 997 572 1054 utrum
592 1015 627 1054 ex
652 997 752 1056 codice
771 995 919 1073 Ps.·Diog.
947 995 1099 1066 fluxerint,
1130 1014 1168 1055 an
1195 1014 1231 1053 ex
1249 996 1316 1054 aliis

144 1084 290 1156 fontibus,
320 1103 394 1161 quos
414 1077 558 1164 multos¹)
582 1085 689 1144 habuit
708 1086 822 1162 Apost.,
847 1087 928 1143 certo
953 1082 1108 1142 diiudicari
1127 1103 1216 1160 saepe
1234 1085 1317 1144 nullo

143 1172 229 1232 modo
244 1174 352 1248 potest.
371 1174 518 1250 Ambigas
534 1193 604 1232 sane
619 1174 655 1233 de
670 1175 834 1250 Ap.1124;
849 1171 924 1230 XIII
935 1175 990 1248 993
1006 1171 1098 1232 Mant.
1115 1171 1314 1250 Prov.1173;

144 1263 200 1336 Ap.
215 1262 348 1322 xlvaa.
385 1261 430 1321 De
454 1282 508 1321 suo
532 1262 682 1322 addidisse
701 1263 892 1340 Apostolium
917 1261 1144 1337 explicationem
1164 1261 1316 1336 proverbii

144 1343 318 1424 Ἀργαλέον
347 1348 530 1425 φρονέοντα
559 1356 614 1411 etc.
642 1351 723 1410 vla
754 1351 903 1428 particula
930 1343 970 1409 ἄν
998 1350 1165 1426 significare
1187 1350 1316 1424 videtur,

142 1439 320 1514 praesertim
340 1459 407 1498 cum
426 1443 457 1498 et
476 1439 508 1500 G.
524 1439 555 1500 (l.
571 1441 601 1499 M
615 1441 682 1500 182
704 1445 735 1500 et
754 1441 827 1501 Mae.
842 1438 872 1498 II
888 1441 928 1499 35
950 1439 1054 1515 explic.
1076 1458 1136 1498 non
1163 1437 1316 1514 praebeat.

144 1527 324 1606 Magnoperc
344 1547 414 1588 vero
433 1530 597 1589 cavendum
615 1534 670 1608 est,
689 1550 735 1605 ne,
755 1547 947 1607 quaecunque
967 1531 997 1587 in
1015 1528 1172 1604 Apostolio
1190 1528 1315 1604 aliisque

144 1617 418 1694 paroemiographis
438 1638 504 1678 curn
520 1617 629 1679 Suidae
644 1619 735 1694 copiis
750 1620 832 1680 bene·
845 1619 1019 1694 congruant,
1038 1637 1073 1676 ex
1091 1636 1170 1693 penu
1189 1617 1252 1676 eius
1267 1617 1316 1676 de·

142 1708 281 1782 prompta
310 1725 374 1765 esse
403 1699 567 1789 censeas.²)
622 1707 692 1784 Ipse
720 1709 799 1768 enim
828 1706 937 1766 Suidas
965 1707 1075 1784 quippe
1103 1708 1152 1784 qui
1186 1709 1217 1764 et
1249 1724 1316 1782 pro-

143 1794 246 1855 verbia
269 1794 322 1854 illa
346 1795 592 1873 Ps.·Diogeniano
619 1799 741 1875 propria
767 1798 831 1856 fere
854 1796 953 1856 omnia
976 1797 1114 1854 exhibeat
1137 1798 1168 1854 et
1190 1796 1315 1854 candem

142 1890 233 1960 atque
261 1884 328 1944 Zen.
348 1884 414 1944 Par.
443 1889 474 1945 et
499 1885 586 1961 Diog.
608 1886 693 1946 Vind.
721 1885 948 1962 proverbiorum
977 1888 1007 1943 et
1032 1884 1315 1959 interpretationum

142 1973 320 2050 plerumque
338 1976 482 2050 praebeat
500 1975 636 2053 formam,
655 1977 801 2051 expilasse
814 1976 934 2033 videtur
948 1973 1078 2033 codicem
1093 1972 1315 2049 Ps.-Diogenia-

142 2081 232 2122 neum
255 2064 435 2124 recensionis
455 2065 481 2122 A
502 2063 641 2138 similem,
665 2065 709 2124 ita
732 2068 767 2124 ut
785 2062 904 2139 saepius
928 2082 1029 2139 aegre,
1053 2082 1129 2138 quae
1152 2061 1315 2137 paroemio-

142 2153 259 2228 graphi,
279 2152 424 2227 imprimis
444 2152 617 2230 Apostolius
637 2158 668 2213 et
682 2153 839 2232 Macarius,
858 2172 894 2211 ex
912 2150 1062 2227 Ps.·Diog.
1081 2152 1154 2226 ipsc,
1180 2169 1255 2228 quae
1279 2170 1315 2210 ex

143 2240 236 2298 Suida
249 2240 412 2317 hauserint,
431 2242 597 2318 disceptare
616 2243 722 2318 possis.
754 2241 836 2310 Quae
855 2259 921 2300 cum
940 2236 984 2299 ita
1002 2239 1070 2316 sint,
1088 2241 1265 2315 priusquam
1283 2241 1315 2298 in

142 2328 345 2405 lexicographi
363 2329 445 2389 illius
464 2332 564 2407 copias
583 2332 786 2408 proverbiales
804 2329 974 2390 adcuratius
994 2329 1052 2388 erit
1069 2329 1258 2405 inquisitum,
1279 2349 1314 2389 ea

143 2419 208 2477 sola
227 2417 312 2477 nobis
332 2419 500 2480 adhibenda
519 2425 590 2480 sunt
612 2421 651 2480 ad
674 2423 822 2481 veriorem
844 2417 1024 2480 recensionis
1048 2419 1074 2476 B
1092 2419 1220 2477 formam
1244 2437 1315 2477 enu·
1383 2419 1385 2426 '

144 2506 297 2566 oleandum
311 2507 461 2583 Apostolii
474 2511 634 2585 proverbia
648 2514 679 2570 et
697 2510 973 2585 interpretamenta,
992 2526 1068 2583 quae
1088 2510 1141 2566 aut
1159 2506 1227 2566 aliis
1246 2527 1314 2582 par-

143 2597 362 2672 oemicgraphis
383 2617 417 2656 ex
437 2599 538 2659 eadem
558 2599 728 2659 recensione
742 2599 767 2656 B
783 2597 990 2674 pendentibus,
1009 2601 1063 2656 aut
1076 2595 1316 2670 Ps.·Diogeniani

143 2685 258 2761 volgati
276 2686 370 2762 ipsius
390 2688 557 2748 conditione
576 2689 809 2764 conprobantur,
828 2687 924 2745 velut:

231 2773 340 2834 D117
361 2779 392 2834 et
418 2778 458 2836 18
488 2778 543 2836 sub
572 2796 631 2836 uno
655 2779 796 2836 lemmate
820 2775 1027 2852 coniungenda
1050 2793 1118 2834 esse
1142 2773 1202 2832 iam
1226 2774 1317 2833 verba

144 2861 197 2924 ἐπὶ
215 2863 281 2923 τῶν
300 2858 421 2938 ὁμοίων
444 2858 660 2948 significantss),
688 2865 767 2924 idem
795 2866 881 2925 docet
908 2864 1013 2940 Apost.
1032 2863 1128 2923 1115.
1149 2893 1190 2904 —-
1210 2864 1315 2939 Apost.

217 3091 242 3157 1)
260 3085 507 3143 Nimium‘multcs
525 3087 678 3143 Finclrhius
697 3087 888 3158 („Zeitschrift
901 3089 946 3142 fnr
959 3087 1004 3142 die
1018 3087 1226 3143 Altertumsw.“
1247 3092 1315 3142 1858

144 3161 197 3214 col.
213 3165 265 3213 514
276 3160 330 3226 sq.)
349 3158 496 3227 Apostolio
514 3159 621 3214 tribuit.
659 3160 735 3227 Quae
759 3160 834 3215 enim
857 3160 954 3230 Apost.
981 3175 1043 3213 cum
1064 3159 1201 3213 Vaticano
1220 3159 1314 3214 Kram.

144 3233 173 3284 et
192 3231 274 3300 Greg.
294 3231 374 3299 Cypr.
394 3231 480 3285 habet
498 3231 665 3300 communia,
684 3249 739 3286 non
758 3249 792 3286 ex
811 3231 869 3285 illis
887 3233 953 3285 sunt
971 3230 1078 3297 hausta,
1099 3230 1146 3283 sed
1167 3246 1200 3283 ex
1219 3230 1315 3284 codice

142 3302 282 3370 Ps-Diog.
301 3301 469 3356 recensionis
483 3302 506 3356 B
525 3319 558 3356 ex
578 3319 634 3372 quo
648 3305 678 3358 et
691 3303 788 3374 Apost.
804 3305 833 3357 et
846 3303 890 3356 illi
903 3301 1048 3370 pendent'
1066 3302 1163 3370 Neque
1179 3301 1314 3371 exemplis

142 3373 309 3427 aFinckhio
328 3372 430 3426 adlatis
447 3389 481 3428 eo
495 3374 619 3430 adducor
634 3377 665 3429 ut
679 3375 791 3442 credam
805 3374 881 3428 haud
894 3377 969 3427 reete
983 3371 1162 3426 Leutschium
1177 3373 1315 3427 iudicasse

142 3463 205 3499 cum
229 3443 346 3498 diceret:
376 3443 496 3498 caruisse
520 3444 698 3514 Apostolium
727 3445 856 3500 Zenobio.
894 3443 1043 3512 Equidem,
1071 3444 1124 3497 nisi
1150 3443 1316 3498 firmissimis

142 3515 285 3570 refutabor
297 3517 469 3584 argumentis
483 3516 660 3585 Apostolium
676 3518 787 3587 praeter
802 3516 926 3571 codicem
935 3514 1074 3584 Ps.·Diog.
1090 3515 1204 3584 volgato
1219 3515 1314 3569 m'elio·

143 3602 201 3641 rem
223 3587 334 3640 nullum
357 3586 492 3656 expilasse
510 3589 599 3642 nostri
618 3588 741 3658 corporis
761 3587 887 3658 Gotting.
904 3586 1186 3656 paroemicgraphum
1206 3603 1316 3656 semper

141 3673 303 3727 persuasum
322 3658 442 3713 habebo.

216 3732 242 3798 2)
263 3729 308 3784 Sic
328 3732 378 3799 Ap.
394 3729 432 3784 VI
442 3735 476 3783 29
495 3748 551 3786 non
566 3747 599 3784 ex
614 3729 701 3784 Suida
719 3731 808 3798 fluxit,
827 3731 859 3783 ut
877 3728 1025 3784 Leutschio
1040 3727 1196 3795 videbatur,
1215 3728 1262 3782 sed
1282 3745 1316 3782 ex

144 3798 239 3923 ecfrdizce
263 3799 401 3924 Pss.-Diolg.
439 3801 544 3856 Eadem
575 3803 649 3856 enim
677 3801 714 3855 ad
741 3803 857 3856 verbnm
880 3800 1034 3854 Vaticanus
1058 3800 1123 3854 KII
1138 3804 1172 3854 83
1191 3800 1315 3869 praebet.

143 3887 177 3923 c.
222 3888 264 3924 en.
301 3873 446 3927 anlltt.

215 3943 241 4010 3)
260 3941 303 3994 Ad
327 3943 443 3998 eandem
466 3944 655 3999 coniecturam
680 3945 708 3998 te
732 3944 875 3999 deducunt
897 3941 984 3998 verba
1006 3941 1144 4010 Ps-Diog.
1165 3941 1204 3996 IV
1219 3947 1253 3996 86
1275 3941 1317 3995 'Ec

145 4014 327 4080 Κυνὸεαργεε,
357 4014 398 4068 Ἐς
416 4015 530 4082 draiton
550 4017 650 4070 πύλαεε
679 4017 723 4069 ἐπὶ
741 4021 800 4070 τῶν
819 4013 923 4082 ὁμοίων
943 4015 987 4068 καί
1006 4015 1101 4077 odron
1125 4012 1316 4068 antecedentis

144 4087 239 4141 antem
257 4085 398 4154 proverbii
411 4085 435 4139 D
450 4087 488 4140 lV
500 4091 533 4141 85
554 4088 611 4142 Ἐπ’
629 4089 696 4142 ὄνον
711 4089 798 4141 ποκα(
817 4083 980 4154 explicatio:
1000 4085 1044 4138 tul
1062 4090 1121 4139 τῶν
1140 4084 1178 4137 εἰ(
1191 4084 1316 4137 ἀδύνατα

143 4155 374 4223 ἀναβαλλομένων
394 4157 508 4211 adhaec
522 4158 671 4226 proverbia
685 4157 776 4212 minus
790 4158 856 4226 apte
871 4155 1008 4209 convenit.
1037 4154 1150 4209 Rectius
1165 4155 1217 4222 Ap.
1232 4155 1270 4208 Vl
1282 4160 1315 4209 66

143 4246 205 4282 cum
226 4226 325 4280 Suida=
349 4226 393 4280 Εἰ(
412 4227 590 4297 Κυνόεαργεεε
615 4229 721 4298 εἴρηται
744 4231 788 4284 ἐπὶ
807 4231 883 4296 ὕβρει
901 4228 946 4280 καὶ
964 4227 1049 4294 ἀραῖς.
1084 4225 1132 4280 Sin
1151 4227 1245 4279 autem
1264 4243 1315 4296 pro

142 4299 234 4354 verbis
253 4300 299 4353 ἐπ’
319 4299 386 4352 ὄνου
404 4299 498 4353 πόκας.
519 4301 594 4370 apud
613 4301 752 4370 Aristoph.
772 4299 841 4354 Rau.
861 4318 887 4352 v.
904 4303 954 4352 186
974 4314 1037 4350 eum
1056 4295 1167 4362 (tonaio,
1185 4296 1257 4363 aliis,
1276 4297 1314 4350 le·

143 4370 234 4441 gimus
245 4372 288 4425 ἐπ’
298 4371 400 4425 Ὄκνον
410 4371 514 4424 πλοκά(
528 4388 639 4440 prorsus
649 4372 790 4442 Ps-Diog.
805 4368 956 4439 explicatio
967 4367 1041 4422 omni
1051 4368 1106 4423 fide
1121 4367 1314 4423 estdestituta.
